@INPROCEEDINGS{dallej.2006,
author={Dallej, T. and Andreff, N. and Mezouar, Y. and Martinet, P.},
booktitle={Intelligent Robots and Systems, 2006 IEEE/RSJ International Conference on},
title={3D Pose Visual Servoing Relieves Parallel Robot Control from Joint Sensing},
year={2006},
month={Oct},
pages={4291-4296},
keywords={C++ language;control engineering computing;end effectors;feedback;public domain software;software libraries;visual servoing;3D pose visual servoing;end-effector pose;joint sensing;open source C++ library;parallel robot Cartesian control;visual feedback;Control systems;Intelligent robots;Kinematics;Motion control;Orbital robotics;Parallel robots;Robot control;Robot sensing systems;Switches;Visual servoing},
doi={10.1109/IROS.2006.281959},},



@article{malis1999,
  author    = {Ezio Malis and
               Fran{\c{c}}ois Chaumette and
               Sylvie Boudet},
  title     = {2 1/2 D visual servoing},
  journal   = {{IEEE} T. Robotics and Automation},
  year      = {1999},
  volume    = {15},
  number    = {2},
  pages     = {238--250},
  url       = {http://dx.doi.org/10.1109/70.760345},
  doi       = {10.1109/70.760345},
  timestamp = {Thu, 02 Oct 2014 11:21:34 +0200},
  biburl    = {http://dblp.uni-trier.de/rec/bib/journals/trob/MalisCB99},
  bibsource = {dblp computer science bibliography, http://dblp.org}
},

@article{1965:Stewart,
author={Stewart, D.},
title={A platform with 6 degrees of freedom},
journal={Proc. of the Institution of mechanical engineers},
volume={180},
number={Part 1, 15},
year={1965},
pages={371-386},
keywords={mechanical architecture , 6 dof robot ,parallel robot},
},

@inproceedings{merlet2010,
  author    = {Merlet,J{-}P. and
               Daney D.},
  title     = {A portable, modular parallel wire crane for rescue operations},
  booktitle = {{IEEE} International Conference on Robotics and Automation, {ICRA}
               2010, Anchorage, Alaska, USA, 3-7 May 2010},
  year      = {2010},
  pages     = {2834--2839},
  crossref  = {DBLP:conf/icra/2010},
  url       = {http://dx.doi.org/10.1109/ROBOT.2010.5509299},
  doi       = {10.1109/ROBOT.2010.5509299},
  timestamp = {Wed, 10 Sep 2014 01:23:33 +0200},
  biburl    = {http://dblp.uni-trier.de/rec/bib/conf/icra/MerletD10},
  bibsource = {dblp computer science bibliography, http://dblp.org}
},

@inproceedings{tsai1986,
    address = {http://www-cgi.cs.cmu.edu/afs/cs.cmu.edu/user/rgw/www/TsaiCode.html},
    author = {Tsai, R. Y.},
    booktitle = {Proceedings of IEEE Conference on Computer Vision and Pattern Recognition, Miami Beach, FL},
    citeulike-article-id = {9912660},
    citeulike-linkout-0 = {http://www-cgi.cs.cmu.edu/afs/cs.cmu.edu/user/rgw/www/TsaiCode.html},
    pages = {364--374},
    posted-at = {2011-10-17 01:17:56},
    priority = {2},
    title = {{An Efficient and Accurate Camera Calibration Technique for 3{D} Machine Vision}},
    url = {http://www-cgi.cs.cmu.edu/afs/cs.cmu.edu/user/rgw/www/TsaiCode.html},
    year = {1986}
},

@ARTICLE{espiau1992,
author={Espiau, B. and Chaumette, F. and Rives, P.},
journal={Robotics and Automation, IEEE Transactions on},
title={A new approach to visual servoing in robotics},
year={1992},
month={Jun},
volume={8},
number={3},
pages={313-326},
keywords={computer vision;pattern recognition;robots;servomechanisms;stability;control servo loop;modeling;robotics;vision based control;visual servoing;Automatic control;Control systems;Machine vision;Robot control;Robot sensing systems;Robot vision systems;Robotics and automation;Robust stability;Sensor phenomena and characterization;Visual servoing},
doi={10.1109/70.143350},
ISSN={1042-296X},},

@ARTICLE{taghirad2011,
author={Taghirad, H. D. and Bedoustani, Y. B.},
journal={Robotics, IEEE Transactions on},
title={An Analytic-Iterative Redundancy Resolution Scheme for Cable-Driven Redundant Parallel Manipulators},
year={2011},
month={Dec},
volume={27},
number={6},
pages={1137-1143},
keywords={convex programming;iterative methods;redundant manipulators;search problems;Karush-Kuhn-Tucker theorem;analytic-iterative redundancy resolution scheme;cable-driven redundant parallel manipulators;closed-loop implementation;convex optimization problem;iterative search algorithm;Jacobian matrices;Manipulator dynamics;Motion control;Optimization;Redundancy;Analytic solution;motion control;parallel robots;redundancy resolution;redundant robots},
doi={10.1109/TRO.2011.2163433},
ISSN={1552-3098}
},

@inproceedings{1985:Landsberger.Sheridan*1,
author={Landsberger, S. E. and Sheridan, T. B.},
title={A new design for parallel link manipulator},
booktitle={Proc. Systems, Man and Cybernetics Conf.},
year={1985},
address={Tucson},
pages={812-814},
keywords={mechanical architecture , 3 dof robot , wire robot ,parallel robot},
},

@INPROCEEDINGS{brandou2006,
author={Brandou, V. and Malis, E. and Rives, P. and Allais, A{-}G and Perrier, M.},
booktitle={Intelligent Robots and Systems, 2006 IEEE/RSJ International Conference on},
title={Active Stereovision Using Invariant Visual Servoing},
year={2006},
month={Oct},
pages={2326-2331},
abstract={The objective of this paper is to propose an innovative visual servoing method in order to improve the 3D reconstruction of objects for quantitative measurements. The method uses a Stereovision system that allows us to obtain several shots of an object, at regular intervals according to a predefined trajectory. In our case, the stereo rig is equipped with two different cameras, consequently the intrinsic parameters are not the same. The first one is fixed while the other one is mounted on a pan and tilt. Simulation and preliminary experiments in laboratory conditions shows the validity of our approach},
keywords={active vision;image reconstruction;manipulators;mobile robots;stereo image processing;underwater vehicles;visual servoing;3D reconstruction;6 DOF manipulator arm;active stereovision;invariant visual servoing;underwater scenes;underwater vehicles;Acoustic measurements;Cameras;Geometry;Image reconstruction;Layout;Robot vision systems;Sea measurements;Stereo vision;Underwater vehicles;Visual servoing},
doi={10.1109/IROS.2006.282640},},

@INPROCEEDINGS{siradjuddin2012,
author={Siradjuddin, I and Behera, L. and McGinnity, T. M. and Coleman, S.},
booktitle={Neural Networks (IJCNN), The 2012 International Joint Conference on},
title={A position based visual tracking system for a 7 DOF robot manipulator using a {K}inect camera},
year={2012},
month={June},
pages={1-7},
keywords={Kalman filters;cameras;object tracking;pose estimation;redundant manipulators;robot vision;stability;visual servoing;3D feature point position estimation;7 DOF PowerCube manipulator;Amtec Robotic;Kalman filter;Kinect camera;PBVS;calibrated robotic system;eye-to-hand configuration;position based visual tracking system;position-based visual servoing;redundant manipulator;stability analysis;Cameras;Joints;Manipulators;Robot vision systems;Target tracking;Visualization},
doi={10.1109/IJCNN.2012.6252597},
ISSN={2161-4393},},

@inproceedings{park1998,
author={Park, F. C. and Kim, J. W.},
title={A singularity classification for closed chains},
booktitle={Advances in Robot Kinematics: Analysis and Control},
year={1998},
editor={Lenarvcivc, Jadran and Husty, Manfred},
publisher={Kluwer Academic Publishers},
address={Strobl, Austria},
pages={483-492},
keywords={kinematics , geometry , singularity},
},

@incollection{merlet2004interferences,
year={2004},
isbn={978-90-481-6622-0},
booktitle={On Advances in Robot Kinematics},
editor={Lenarčič, J. and Galletti, C.},
doi={10.1007/978-1-4020-2249-4_23},
title={Analysis of the Influence of Wires Interference on the Workspace of Wire Robots},
url={http://dx.doi.org/10.1007/978-1-4020-2249-4_23},
publisher={Springer Netherlands},
keywords={workspace analysis; self-collision; wire robots; parallel robots},
author={Merlet, J{-}P.},
pages={211-218},
language={English}
},

@inproceedings{satoshi2002,
   author              = {Satoshi, T. and 
                          Shigeru, K.},
   title               = {A portable parallel motion platform for urban search and surveillance in disasters.},
   journal             = {Advanced Robotics},
   year                = {2002},
   pages               = {537-540},
   ee                  = {http://dx.doi.org/10.1163/156855302320535917},
},

@article{bosscher2005,
author = {Bosscher, P. and Williams, R. L. and Tummino, M.},
title = {A Concept for Rapidly-Deployable Cable Robot Search and Rescue Systems},
journal={ASME 2005 International Design Engineering Technical Conferences and Computers and Information in Engineering Conference},
year={20058},
volume={7},
},


@INPROCEEDINGS{deschenes2007,
author={Deschenes, J{-}D. and Lambert, P. and Perreault, S. and Martel-Brisson, N. and Zoso, N. and Zaccarin, A. and Hebert, P. and Bouchard, S. and Gosselin, C. M.},
booktitle={3{D} Digital Imaging and Modeling, 2007. 3DIM '07. Sixth International Conference on},
title={A Cable-driven Parallel Mechanism for Capturing Object Appearance from Multiple Viewpoints},
year={2007},
month={Aug},
pages={367-374},
keywords={cameras;end effectors;image resolution;cable-driven end-effector;cable-driven parallel mechanism;hemispheric trajectories;high resolution camera;multiple viewpoints;object appearance;surface light field;visual hull;Cable TV;Cables;Cameras;Computer vision;Geometry;Laboratories;Mechanical engineering;Robot vision systems;Scalability;Trajectory},
doi={10.1109/3DIM.2007.4},
ISSN={1550-6185},},

@article{bruckmann2006modular,
  title={A modular controller for redundantly actuated tendon-based {S}tewart platforms},
  author={Bruckmann, T. and Pott, A. and Franitza, D. and Hiller, M.},
  journal={EuCoMeS, Obergurgl, Austria, In},
  year={2006},
  publisher={Citeseer}
},

@article{briot2007,
  TITLE = {{Are Parallel Robots More Accurate than Serial Robots?}},
  AUTHOR = {Briot, S. and Bonev, I.},
  URL = {https://hal.archives-ouvertes.fr/hal-00362500},
  JOURNAL = {{CSME Transactions}},
  VOLUME = {31},
  NUMBER = {4},
  PAGES = {445-456},
  YEAR = {2007},
  MONTH = Nov,
  HAL_ID = {hal-00362500},
  HAL_VERSION = {v1},
},


@INPROCEEDINGS{husty94,
    author = {Husty, M. L.},
    title = {An Algorithm for Solving the Direct Kinematic Of {S}tewart-{G}ough-Type Platforms},
    booktitle = {Mechanism and machine theory},
    year = {1994},
    pages = {1994--94},
    publisher = {}
},

@INPROCEEDINGS{chellal2014,
author={Chellal, R. and Laroche, E. and Cuvillon, L.},
booktitle={Control Conference (ECC), 2014 European},
title={An {H}{$\infty$} methodology for position control of 6-DoF Cable-Driven Parallel Robots},
year={2014},
month={June},
pages={358-363},
keywords={H control;MIMO systems;cables (mechanical);cascade control;control system synthesis;end effectors;filtering theory;flexible manipulators;force control;nonlinear control systems;position control;6-DoF cable-driven parallel robots;H∞ methodology;INCA 6D robot;cascade control parts;constrained states;disturbance rejection properties;end-effector pose;force control;four-blocks H∞ design;nonlinear coupled MIMO system;position control;redundant 6-DoF cable-robot;trajectory tracking;vision-tracking system;weighting filters;Aerospace electronics;Manipulators;Position control;Position measurement;Power cables;Vectors},
doi={10.1109/ECC.2014.6862431},},

@incollection{chellal2015,
year={2015},
isbn={978-3-319-09488-5},
booktitle={Cable-Driven Parallel Robots},
volume={32},
series={Mechanisms and Machine Science},
editor={Pott, Andreas and Bruckmann, Tobias},
doi={10.1007/978-3-319-09489-2_15},
title={A Kinematic Vision-Based Position Control of a 6-DoF Cable-Driven Parallel Robot},
url={http://dx.doi.org/10.1007/978-3-319-09489-2_15},
publisher={Springer International Publishing},
author={Chellal, R. and Cuvillon, L. and Laroche, E.},
pages={213-225},
language={English}
},





@incollection{sandretto:hal-00907510,
    title = {{Confirmation of Hypothesis on Cable Properties for Cable-Driven Robots}},
    author = {Alexandre Dit Sandretto, J. and Trombettoni, G. and Daney, D.},
    booktitle = {{New Trends in Mechanism and Machine Science}},
    publisher = {Springer Netherlands},
    pages = {85-93},
    volume = {7},
    editor = {Viadero, Fernando and Ceccarelli, Marco },
    year = {2013},
},

@techreport{alexandre2012,
    hal_id = {hal-00668921},
    url = {http://hal.inria.fr/hal-00668921},
    title = {{Calibration of a fully-constrained parallel cable-driven robot}},
    author = {Alexandre Dit Sandretto, J. and Daney, D. and Gouttefarde, M. and Baradat, C.},
    pages = {21},
    type = {Rapport de recherche},
    institution = {INRIA},
    number = {RR-7879},
    year = {2012},
    month = Feb,
    pdf = {http://hal.inria.fr/hal-00668921/PDF/RR-7879.pdf},
},


@INPROCEEDINGS{5509358,
author={Cunningham, D. P. and Asada, H. H.},
booktitle={Robotics and Automation (ICRA), 2010 IEEE International Conference on},
title={Continuous path tracing by a cable-suspended, under-actuated robot: The {W}inch-{B}ot},
year={2010},
month={May},
pages={1255-1260},
keywords={end effectors;feedback;linearisation techniques;mobile robots;motion control;path planning;Winch-Bot;actuator;cable length;cable-suspended under-actuated robot;continuous path tracing;end-effecter;free geometric path;object surface;partial feedback linearization;surface inspection;traceability condition;traceability criteria;tracing dynamics;tracing motion;Cranes;Inspection;Linear feedback control systems;Mechanical engineering;Motion analysis;Motion control;Robotics and automation;Robots;Trajectory;Winches},
doi={10.1109/ROBOT.2010.5509358},
ISSN={1050-4729}
},

@InProceedings{Liris-4601,
  title         = {{Combinaison de caract{\'e}ristiques pour la reconnaissance rapide, robuste et invariante d’objets sp{\'e}cifiques}},
  author        = {Revaud, J. and Lavou{\'e}, G. and Ariki, Y. and Baskurt, A.},
  year          = {2010},
  month         = jan,
  booktitle     = {RFIA},
   language      = {fr},
  url           = {http://liris.cnrs.fr/publis/?id=4601}
},

@misc{1956:Gough,
author={Gough, V. E.},
title={Contribution to discussion of papers on research in Automobile Stability, Control and Tyre performance},
year={1956-1957},
note={Proc. Auto Div. Inst. Mech. Eng.},
pages={392-394},
keywords={mechanical architecture , applications ,parallel robot},
},

@inproceedings{merlet.1993,
  author    = {Merlet, J{-}P.},
  title     = {Closed-Form Resolution of the Direct Kinematics of Parallel Manipulators
               Using Extra Sensors Data},
  booktitle = {Proceedings of the 1993 {IEEE} International Conference on Robotics
               and Automation, Atlanta, Georgia, USA, May 1993},
  year      = {1993},
  pages     = {200--204},
  crossref  = {DBLP:conf/icra/1993},
  url       = {http://dx.doi.org/10.1109/ROBOT.1993.291983},
  doi       = {10.1109/ROBOT.1993.291983},
  timestamp = {Mon, 08 Sep 2014 14:49:00 +0200},
  biburl    = {http://dblp.uni-trier.de/rec/bib/conf/icra/Merlet93},
  bibsource = {dblp computer science bibliography, http://dblp.org}
},

@ARTICLE{brown71,
    author = {Brown, D. C.},
    title = {Close-range camera calibration},
    journal = {PHOTOGRAMMETRIC ENGINEERING},
    year = {1971},
    volume = {37},
    number = {8},
    pages = {855--866}
},

@INPROCEEDINGS{ramadour2014,
author={Ramadour, R. and Merlet, J{-}P.},
booktitle={Advanced Intelligent Mechatronics (AIM), 2014 IEEE/ASME International Conference on},
title={Computing safe trajectories for an assistive cable-driven parallel robot by selecting the cables under tension and using interval analysis},
year={2014},
month={July},
pages={1349-1354},
keywords={cranes;end effectors;medical robotics;CDPR;Marionet-assist;assistive cable-driven parallel robot;cable configurations;cables under tension;crane robot;end-effector;interval analysis;position control;safe trajectory computation;Accuracy;Mechanical cables;Power cables;Robots;Trajectory;Uncertainty;Wires},
doi={10.1109/AIM.2014.6878270},},

@article{sandretto2012,
  title={Calibration of a fully-constrained parallel cable-driven robot},
  author={Alexandre Dit Sandretto, J. and Daney, D. and Gouttefarde, M. and Baradat, C. and others},
  year={2012}
},

@CONFERENCE{merlet2014check,
    AUTHOR="Merlet, J-P.",
    TITLE="Checking the cable configuration of cable-driven
        parallel robots on a trajectory",
    BOOKTITLE="IEEE Int. Conf. on Robotics and Automation",
    ADDRESS="Hong-Kong",
    PAGES="1586-1591",
    YEAR="2014",
    KEYWORDS="robot a cables,statique,simulation"
}, 


@article{bosscher2007cc,
author = "Bosscher, P. and Williams, R. L. and Bryson , S. L. and Castro-Lacouture, D.",
institution = "Department of Mechanical Engineering, Ohio University, USA; Department of Civil Engineering, Ohio University, USA",
title = "Cable-suspended robotic contour crafting system",
journal = "Automation in construction",
year = "2007",
volume = "17",
number = "1",
pages = "45--55",
editor = "Elsevier",
issn = "0926-5805",
note = "eng",
keywords = "Productivity; Cost analysis; Modeling; Statics; Kinematics; Cable structure; Workspace; Concrete; Extrusion; Contour; Robotics; Construction system; Construction technology; Contour crafting; Concrete extrusion; Cable-suspended robot; Workspace; Translation-only robot",
url = "http://www.refdoc.fr/Detailnotice?idarticle=1263758"
},


@INPROCEEDINGS{nzue2010,
author={Nzue, R{-}M.A. and Brethe, J{-}F. and Vasselin, E. and Lefebvre, D.},
booktitle={Intelligent Robots and Systems (IROS), 2010 IEEE/RSJ International Conference on},
title={Comparative analysis of the repeatability performance of a serial and parallel robot},
year={2010},
month={Oct},
pages={63-68},
doi={10.1109/IROS.2010.5651431},
ISSN={2153-0858},},


@conference{1988:Clavel,
author={Clavel, R.},
title={{Delta}, a fast robot with parallel geometry},
booktitle={18th Int. Symp. on Industrial Robots (ISIR)},
year={1988},
month={26-28 april},
address={Lausanne},
pages={91-100},
keywords={mechanical architecture , workspace , singularity , 3 dof robot ,parallel robot},
},

@conference{2011:Carricato.Merlet,
author={Carricato, M. and Merlet, J{-}P.},
title={Direct Geometrico-Static Problem of Under-Constrained Cable-Driven Parallel Robots with Three Cables},
booktitle={IEEE Int. Conf. on Robotics and Automation},
year={2011},
month={9-13 may},
address={Shangai},
pages={3011-3017},
keywords={wire robot , statics , kinematics ,parallel robot},
},

@INPROCEEDINGS{park2013,
author={Shi Baek Park and Han Sung Kim and Changyong Song and Kyunghwan Kim},
booktitle={Robotics (ISR), 2013 44th International Symposium on},
title={Dynamics modeling of a {D}elta-type parallel robot},
year={2013},
month={Oct},
pages={1-5},
keywords={manipulator dynamics;torque control;ISR 2013;Lagrangian equations;delta-type parallel manipulator;delta-type parallel robot;dynamics modeling;inverse dynamic equations;simplified dynamics modeling;torque control;Actuators;Computational modeling;Hardware;Kinematics;Manipulators;Torque;ADAMS;Delta parallel robot;Dynamics modeling;Lagrangian equation;computed torque control},
doi={10.1109/ISR.2013.6695721},},

@INPROCEEDINGS{kawamura1995,
author={Kawamura, S. and Choe, W. and Tanaka, S. and Pandian, S. R.},
booktitle={Robotics and Automation, 1995. Proceedings., 1995 IEEE International Conference on},
title={Development of an ultrahigh speed robot {FALCON} using wire drive system},
year={1995},
month={May},
volume={1},
pages={215-220 vol.1},
keywords={DC motors;assembling;industrial control;industrial robots;nonlinear control systems;robots;small electric machines;two-term control;vibration control;13 m/s;60 W;FALCON;Fast Load Conveyance;internal force control;linear PD feedback;nonlinear elasticity;point-to-point control;small DC motors;ultrahigh speed robot;wire-drive system;wire-driven parallel manipulation system;Acceleration;DC motors;Elasticity;Force control;Parallel robots;Position control;Prototypes;Robotic assembly;Vibration control;Wire},
doi={10.1109/ROBOT.1995.525288},
ISSN={1050-4729},},

@inproceedings{bostelman1994,
  title={Applications of the {NIST} RoboCrane},
  author={Bostelman, R. and Albus, J. and Dagalakis, N. and Jacoff, A. and Gross, J.}
},

@incollection{carricato2014cables5,
year={2014},
isbn={978-94-007-7213-7},
booktitle={Computational Kinematics},
volume={15},
series={Mechanisms and Machine Science},
editor={Thomas, Federico and Perez Gracia, Alba},
doi={10.1007/978-94-007-7214-4_7},
title={Direct Geometrico-Static Problem of Underconstrained Cable-Driven Parallel Robots with Five Cables},
url={http://dx.doi.org/10.1007/978-94-007-7214-4_7},
publisher={Springer Netherlands},
keywords={Cable-driven robots; Underconstrained robots; Kinematics; Statics.},
author={Abbasnejad, G. and Carricato, M.},
pages={59-66},
language={English}
},

@incollection{carricato2013cables4,
year={2013},
isbn={978-3-642-31987-7},
booktitle={Cable-Driven Parallel Robots},
volume={12},
series={Mechanisms and Machine Science},
editor={Bruckmann, T. and Pott, A.},
doi={10.1007/978-3-642-31988-4_17},
title={Direct Geometrico-Static Analysis of Under-Constrained Cable-Driven Parallel Robots with 4 Cables},
url={http://dx.doi.org/10.1007/978-3-642-31988-4_17},
publisher={Springer Berlin Heidelberg},
author={Carricato, M. and Abbasnejad, G.},
pages={269-285},
language={English}
},

@article{hiller2005,
title = "Design, analysis and realization of tendon-based parallel manipulators ",
journal = "Mechanism and Machine Theory ",
volume = "40",
number = "4",
pages = "429 - 445",
year = "2005",
note = "",
issn = "0094-114X",
doi = "http://dx.doi.org/10.1016/j.mechmachtheory.2004.08.002",
url = "http://www.sciencedirect.com/science/article/pii/S0094114X04001430",
author = "Hiller, M. and Fang, S. and Mielczarek, S. and Verhoeven, R. and Franitza, D.",
keywords = "Tendon-based Stewart-platform",
keywords = "Workspace",
keywords = "Forward kinematics",
keywords = "Trajectory planning "
},

@INPROCEEDINGS{riehl2009,
author={Riehl, N. and Gouttefarde, M. and Krut, S. and Baradat, C. and Pierrot, F.},
booktitle={Robotics and Automation, 2009. ICRA '09. IEEE International Conference on},
title={Effects of non-negligible cable mass on the static behavior of large workspace cable-driven parallel mechanisms},
year={2009},
month={May},
pages={2193-2198},
keywords={manipulator kinematics;cable tension;forward kinematics;inverse kinematics;large workspace cable-driven parallel mechanism static behavior;minimally constrained cable-driven robot manipulator;non negligible cable mass;Cables;Elasticity;Extremities;Kinematics;Leg;Manipulators;NIST;Parallel robots;Robotics and automation;Springs},
doi={10.1109/ROBOT.2009.5152576},
ISSN={1050-4729},},


@INPROCEEDINGS{chari2008,
author={Chari, V. and Sharma, A and Namboodiri, A and Jawahar, C. V.},
booktitle={Computer Vision, Graphics Image Processing, 2008. ICVGIP '08. Sixth Indian Conference on},
title={Frequency Domain Visual Servoing Using Planar Contours},
year={2008},
month={Dec},
pages={87-94},
keywords={Fourier transforms;computational geometry;visual servoing;Cartesian space;Fourier domain methods;Fourier transforms;frequency domain visual servoing;geometric vision;planar contours;Cameras;Feedback;Frequency domain analysis;Information technology;Orbital robotics;Robot kinematics;Robot sensing systems;Robot vision systems;Space exploration;Visual servoing;Affine and Projective geometry;Fourier Transform;Robotics;Visual Servoing},
doi={10.1109/ICVGIP.2008.63},},

@article{marchand2005,
   Author = {Marchand, E. and Chaumette, F.},
   Title = {Feature tracking for visual servoing purposes},
   Journal = {Robotics and Autonomous Systems},
   Volume = {52},
   Number = {1},
   Pages = {53--70},
   Publisher = {Elsevier},
   Month = {July},
   Year = {2005}
},

@INPROCEEDINGS{wampler96,
    author = {Wampler, C. W.},
    title = {Forward displacement analysis of general six-inparallel {SPS} ({S}tewart) platform manipulators using soma coordinates},
    booktitle = {Mechanism and Machine Theory},
    year = {1996},
    pages = {331--337}
},

@conference{2010:Carricato.Merlet,
author={Carricato, M. and Merlet, J{-}P.},
title={Geometrico-static analysis of under-constrained cable-driven parallel robot},
booktitle={ARK},
year={2010},
month={28 june -- 1 july},
address={Piran},
pages={309-320},
keywords={wire robot , statics , kinematics ,parallel robot},
},

@article{hansen1980,
year={1980},
issn={0029-599X},
journal={Numerische Mathematik},
volume={34},
number={3},
doi={10.1007/BF01396702},
title={Global optimization using interval analysis — the multi-dimensional case},
url={http://dx.doi.org/10.1007/BF01396702},
publisher={Springer-Verlag},
keywords={AMS(MOS): 65K05, 90C30},
author={Hansen, E.},
pages={247-270},
language={English}
},


@article{,
author = "Carricato, M.",
institution = "Department of Industrial Engineering and Interdepartmental Center for Health Sciences and Technologies, University of Bologna, Viale Risorgimento 2, ITA",
title = "Inverse Geometrico-Static Problem of Underconstrained Cable-Driven Parallel Robots With Three Cables",
journal = "Journal of mechanisms and robotics (Print)",
year = "2013",
volume = "5",
number = "3",
editor = "American Society of Mechanical Engineers",
issn = "1942-4302",
note = "eng",
keywords = "Kinematics; Inverse problem; Orientation; Linkage mechanism; Cable; Indeterminate structure; Mechanical tension; Robot; Robotics",
url = "http://www.refdoc.fr/Detailnotice?idarticle=55595321"
},


@ARTICLE{5657268,
author={Gouttefarde, M. and Daney, D. and Merlet, J{-}P.},
journal={Robotics, IEEE Transactions on},
title={Interval-Analysis-Based Determination of the Wrench-Feasible Workspace of Parallel Cable-Driven Robots},
year={2011},
month={Feb},
volume={27},
number={1},
pages={1-13},
keywords={mobile robots;wrapping;branch-and-prune algorithms;degree-of-freedom parallel robots;discrete zero-dimensional finite set;geometric design parameters;interval-analysis-based determination;maximum admissible tensions;mobile platform poses;nonnegative cable tensions;parallel cable-driven robots;wrapping effect;wrench-feasible workspace;Cable-driven robots;interval analysis;workspace determination;wrench feasibility},
doi={10.1109/TRO.2010.2090064},
ISSN={1552-3098}
},

@article{andreff2007,
 author = {Andreff, N. and Dallej, T. and Martinet, P.},
 title = {Image-based Visual Servoing of a {G}ough{-}{S}tewart Parallel Manipulator Using Leg Observations},
 journal = {Int. J. Rob. Res.},
 issue_date = {July      2007},
 volume = {26},
 number = {7},
 month = jul,
 year = {2007},
 issn = {0278-3649},
 pages = {677--687},
 numpages = {11},
 url = {http://dx.doi.org/10.1177/0278364907080426},
 doi = {10.1177/0278364907080426},
 acmid = {1270224},
 publisher = {Sage Publications, Inc.},
 address = {Thousand Oaks, CA, USA},
 keywords = {parallel robots, visual servoing},
},
 
@article{moore1968,
 jstor_articletype = {book-review},
 title = {Interval Analysis},
 author = {Moore, R. E. and Richtmyer, R. D.},
 journal = {Mathematics of Computation},
 jstor_issuetitle = {},
 volume = {22},
 number = {101},
 jstor_formatteddate = {Jan., 1968},
 pages = {pp. 219-222},
 url = {http://www.jstor.org/stable/2004792},
 ISSN = {00255718},
 abstract = {},
 language = {English},
 year = {1968},
 publisher = {American Mathematical Society},
 copyright = {Copyright © 1968 American Mathematical Society},
},

@ARTICLE{gouttefarde2011,
author={Gouttefarde, M. and Daney, D. and Merlet, J{-}P.},
journal={Robotics, IEEE Transactions on},
title={Interval-Analysis-Based Determination of the Wrench-Feasible Workspace of Parallel Cable-Driven Robots},
year={2011},
month={Feb},
volume={27},
number={1},
pages={1-13},
keywords={mobile robots;wrapping;branch-and-prune algorithms;degree-of-freedom parallel robots;discrete zero-dimensional finite set;geometric design parameters;interval-analysis-based determination;maximum admissible tensions;mobile platform poses;nonnegative cable tensions;parallel cable-driven robots;wrapping effect;wrench-feasible workspace;Cable-driven robots;interval analysis;workspace determination;wrench feasibility},
doi={10.1109/TRO.2010.2090064},
ISSN={1552-3098},},

@article{daney2006interval,
  title={Interval method for calibration of parallel robots: Vision-based experiments},
  author={Daney, D. and Andreff, N. and Chabert, G. and Papegay, Y.},
  journal={Mechanism and Machine Theory},
  volume={41},
  number={8},
  pages={929--944},
  year={2006},
  publisher={Elsevier}
},

@INPROCEEDINGS{bedoustani2010,
author={Bedoustani, Y. B. and Taghirad, H. D.},
booktitle={Advanced Intelligent Mechatronics (AIM), 2010 IEEE/ASME International Conference on},
title={Iterative-analytic redundancy resolution scheme for a cable-driven redundant parallel manipulator},
year={2010},
month={July},
pages={219-224},
doi={10.1109/AIM.2010.5695810}
},

@MISC{malis2004,
    author = {Ezio M.},
    title = {Improving Vision-Based Control Using Efficient Second-Order Minimization Techniques},
    year = {2004}
},

@INPROCEEDINGS{lolo2014,
author={Blanchet, L. and Merlet, J{-}P.},
booktitle={Advanced Intelligent Mechatronics (AIM), 2014 IEEE/ASME International Conference on},
title={Interference detection for cable-driven parallel robots ({CDPR}s)},
year={2014},
month={July},
pages={1413-1418},
keywords={collision avoidance;legged locomotion;6D workspace;CDPR platform;cable-driven parallel robots;interference detection;interval analysis-based applications;Cable shielding;Equations;Interference;Legged locomotion;Mathematical model;Silicon;Vectors;Cable-Driven Parallel Robots;Interval Analysis;Modeling and Design;collision;leg interference;robotics},
doi={10.1109/AIM.2014.6878280},},

@inproceedings{izard2013,
  TITLE = {{Integration of a parallel cable-driven robot on an existing building fa{\c c}ade}},
  AUTHOR = {Izard, J{-}B. Gouttefarde, M. and Baradat, C. and Culla, D. and Sall{\'e}, D.},
  URL = {http://hal-lirmm.ccsd.cnrs.fr/lirmm-00737648},
  BOOKTITLE = {{First international conference on cable-driven parallel robots}},
  ADDRESS = {Stuttgart, Germany},
  PUBLISHER = {{Springer}},
  SERIES = {Cable-Driven Parallel Robots},
  PAGES = {149-164},
  HAL_ID = {lirmm-00737648},
  HAL_VERSION = {v1},
},
@incollection{merlet2007jacobian,
year={2007},
isbn={978-3-540-48110-2},
booktitle={Robotics Research},
volume={28},
series={Springer Tracts in Advanced Robotics},
editor={Thrun, Sebastian and Brooks, Rodney and Durrant-Whyte, Hugh},
doi={10.1007/978-3-540-48113-3_16},
title={Jacobian, Manipulability, Condition Number and Accuracy of Parallel Robots},
url={http://dx.doi.org/10.1007/978-3-540-48113-3_16},
publisher={Springer Berlin Heidelberg},
author={Merlet, J{-}P.},
pages={175-184},
language={English}
},

@incollection{merlet:hal-00987468,
    hal_id = {hal-00987468},
    url = {http://hal.inria.fr/hal-00987468},
    title = {{Kinematic analysis of a spatial four-wire driven parallel crane without constraining mechanism}},
    author = {Merlet, J{-}P. and Daney, D.},
    language = {Anglais},
    affiliation = {COPRIN - INRIA Sophia Antipolis},
    booktitle = {{Computational Kinematics}},
    publisher = {Springer},
    pages = {1--8},
    editor = {Kecskem{\'e}thy, Andr{\'e}s and M{\"u}ller, Andreas },
    audience = {internationale },
    year = {2009},
},

@INPROCEEDINGS{merlet2008,
author={Merlet, J{-}P.},
booktitle={Robotics and Automation, 2008. ICRA 2008. IEEE International Conference on},
title={Kinematics of the wire-driven parallel robot {\tt MARIONET} using linear actuators},
year={2008},
month={May},
pages={3857-3862},
keywords={legged locomotion;nonlinear equations;robot kinematics;Gough-Stewart platform;MARIONET;control vector;forward kinematics;inverse kinematics;linear actuator;nonlinear equations;pulley system;redundant system kinematics;rigid extensible legs;wire-driven parallel robot kinematics;Control systems;Elasticity;Equations;Hydraulic actuators;Kinematics;Leg;Parallel robots;Pulleys;Vectors;Wires},
doi={10.1109/ROBOT.2008.4543803},
ISSN={1050-4729}
},

@INPROCEEDINGS{merlet2013-431,
author={Merlet, J{-}P.},
booktitle={Robotics and Automation (ICRA), 2013 IEEE International Conference on},
title={Kinematic analysis of the 4-3-1 and 3-2-1 wire-driven parallel crane},
year={2013},
month={May},
pages={4635-4640},
keywords={cranes;kinematics;manipulator kinematics;numerical analysis;wires;3-2-1 wire-driven parallel crane;4-3-1 wire-driven parallel crane;WDPR;forward kinematics;kinematic analysis;numerical simulations;static equilibrium;wire-driven parallel robot;Kinematics;Mathematical model;Polynomials;Robot kinematics;Wires},
doi={10.1109/ICRA.2013.6631236},
ISSN={1050-4729},},

@inproceedings{kumar2011,
    address = {San Diego, CA},
    author = {Michael, N. and Kim, S. and Fink, J. and Kumar, V.},
    booktitle = {ASME International Design Engineering Technical Conference (DETC 2009)},
    citeulike-article-id = {8793352},
    citeulike-linkout-0 = {\#},
    keywords = {mine},
    posted-at = {2011-02-09 15:24:26},
    priority = {0},
    title = {{Kinematics and Statics of Cooperative Multi-Robot Aerial Manipulation with Cables}},
    url = {\#},
    year = {2009}
},
@book{merlet1997robots,
  title={Les robots parall{\`e}les},
  author={Merlet, J{-}P.},
  isbn={9782866015992},
  series={Collection robotique},
  url={http://books.google.fr/books?id=9JsXAAAACAAJ},
  year={1997},
  publisher={Hermes}
},

@inproceedings{stein1997,
 author = {Stein, G. P.},
 title = {Lens Distortion Calibration Using Point Correspondences},
 booktitle = {Proceedings of the 1997 Conference on Computer Vision and Pattern Recognition (CVPR '97)},
 series = {CVPR '97},
 year = {1997},
 isbn = {0-8186-7822-4},
 pages = {602--},
 url = {http://dl.acm.org/citation.cfm?id=794189.794446},
 acmid = {794446},
 publisher = {IEEE Computer Society},
 address = {Washington, DC, USA},
 keywords = {3D reconstruction, accuracy, calibration, constraints, feature detection, feature extraction, lens distortion calibration, multiple views, pinhole cameras, point correspondences},
},

@misc{marantette1995machine,
  title={Machine tool position measurement employing multiple laser distance measurements},
  author={Marantette, W. F.},
  url={http://www.google.com.ar/patents/US5387969},
  year={1995},
  month=feb # "~7",
  publisher={Google Patents},
  note={US Patent 5,387,969}
},

@Book{hartley2004,
    author = "Hartley, R. I. and Zisserman, A.",
    title = "Multiple View Geometry in Computer Vision",
    edition = "Second",
    year = "2004",
    publisher = "Cambridge University Press, ISBN: 0521540518"
},

@INPROCEEDINGS{hassan2007,
author={Hassan, M. and Khajepour, A},
booktitle={Robotics and Automation, 2007 IEEE International Conference on},
title={Minimum-norm Solution for the Actuator Forces in Cable-based Parallel Manipulators based on Convex Optimization},
year={2007},
month={April},
pages={1498-1503},
keywords={convex programming;force control;manipulator kinematics;redundant manipulators;Dykstra alternating projection algorithm;actuator-force distribution;cable-based parallel manipulators;convex optimization;lightweight manipulators;redundant limbs;Acceleration;Actuators;Design optimization;Hybrid power systems;Manipulators;Mobile robots;Power cables;Prototypes;Robotics and automation;Springs},
doi={10.1109/ROBOT.2007.363196},
ISSN={1050-4729},},

@incollection{merlet2010marionet,
year={2010},
isbn={978-90-481-9261-8},
booktitle={Advances in Robot Kinematics: Motion in Man and Machine},
editor={Lenarcic, Jadran and Stanisic, Michael M.},
doi={10.1007/978-90-481-9262-5_6},
title={{\tt MARIONET}, A Family of Modular Wire-Driven Parallel Robots},
url={http://dx.doi.org/10.1007/978-90-481-9262-5_6},
publisher={Springer Netherlands},
keywords={Kinematics; wire-driven parallel robots},
author={Merlet, J{-}P.},
pages={53-61},
language={English}
},
@book{purves2004neuroscience,
  title={Neuroscience},
  author={Purves, D.},
  isbn={9780878937264},
  url={http://books.google.fr/books?id=8hG2AAAACAAJ},
  year={2004},
  publisher={Sinauer Associates Incorporated}
},

@INPROCEEDINGS{jordan2007,
author={Jordan, B. L. and Batalin, M. A. and Kaiser, W. J.},
booktitle={Robotics and Automation, 2007 IEEE International Conference on},
title={{NIMS RD}: A Rapidly Deployable Cable Based Robot},
year={2007},
month={April},
pages={144-150},
keywords={mobile robots;NIMS RD robot;environmental monitoring;mobile robot;rapidly deployable cable based robot;Current measurement;Pollution measurement;Power cables;Propulsion;Prototypes;Rivers;Robotics and automation;Robots;Sensor phenomena and characterization;Wheels},
doi={10.1109/ROBOT.2007.363778},
ISSN={1050-4729},},

@ARTICLE{borgstrom2009,
author={Borgstrom, P. H. and Jordan, B. L. and Borgstrom, B. J. and Stealey, M. J. and Sukhatme, G. and Batalin, M. A. and Kaiser, W. J.},
journal={Robotics, IEEE Transactions on},
title={{NIMS-PL}: A Cable-Driven Robot With Self-Calibration Capabilities},
year={2009},
month={Oct},
volume={25},
number={5},
pages={1005-1015},
keywords={iterative methods;least squares approximations;linear programming;optimal control;robot dynamics;actuated sensing application;aquatic environment;cable-driven robot;iterative linear programming;jitter method;least-squares drift-detection algorithm;long-term autonomous operation;networked infomechanical system;online drift-correction capability;optimal tension distribution;planar translation;real-time computation;Cable-driven robots;calibration and identification;field robots;parallel robots;redundant robots},
doi={10.1109/TRO.2009.2024792},
ISSN={1552-3098},}
@INPROCEEDINGS{weijung2000,
author={Shiang, W. J. and Cannon, D. and Gorman, J.},
booktitle={Robotics and Automation, 2000. Proceedings. ICRA '00. IEEE International Conference on},
title={Optimal force distribution applied to a robotic crane with flexible cables},
year={2000},
month={},
volume={2},
pages={1948-1954 vol.2},
keywords={cranes;digital simulation;manipulator dynamics;matrix algebra;redundant manipulators;Lagrange's equations;assumed modes method;cargo handling;computer simulation;dynamic model;flexible cables;kinematically redundant equations;nonlinear transformation;optimal force distribution;robotic crane;trajectory tracking;Computer simulation;Cranes;Freight handling;Lagrangian functions;Nonlinear dynamical systems;Nonlinear equations;Power cables;Robots;Testing;Trajectory},
doi={10.1109/ROBOT.2000.844880},
ISSN={1050-4729},
},

@inproceedings{arsenault2010,
author = {Arsenault, M.},
title = {{Optimization of the prestress stable wrench closure workspace of planar parallel three-degree-of-freedom cable-driven mechanisms with four cables}},
booktitle = {International Conference on Robotics and Automation},
year = {2010},
pages = {1182--1187},
doi = {10.1109/ROBOT.2010.5509351},
masid = {13758052}
},

@INPROCEEDINGS{latuan2010,
author={La Tuan Anh and Jae-Bok Song},
booktitle={Control Automation and Systems (ICCAS), 2010 International Conference on},
title={Object tracking and visual servoing using features computed from local feature descriptor},
year={2010},
month={Oct},
pages={1044-1048},
keywords={end effectors;geometry;object tracking;service robots;visual servoing;SURF;end-effector;geometrical features;image Jacobian;local feature descriptor;monocular eye-in-hand camera;object tracking;service robot applications;speeded-up robust features;visual servoing;Cameras;Grasping;Robustness;Visual servoing;Visualization;Visual servoing;grasp;speeded-up robust features (SURF)},},


@INPROCEEDINGS{riehl2010,
author={Riehl, N. and Gouttefarde, M. and Baradat, C. and Pierrot, F.},
booktitle={Robotics and Automation (ICRA), 2010 IEEE International Conference on},
title={On the determination of cable characteristics for large dimension cable-driven parallel mechanisms},
year={2010},
month={May},
pages={4709-4714},
keywords={cables (mechanical);elasticity;robot kinematics;cable characteristics;cable tensions;cable-driven parallel mechanisms;elasticity;massless cable modeling;parallel cable-driven robot;positioning accuracy;Actuators;Cables;Elasticity;End effectors;Gravity;Kinematics;Parallel robots;Robotics and automation;USA Councils;Wounds},
doi={10.1109/ROBOT.2010.5509887},
ISSN={1050-4729},},

@article{agrawal2005,
author={Fattah, A. and Agrawal, S.K.},
title={On the design of cable-suspended planar parallel robots},
journal={ASME J. of Mechanical Design},
volume={127},
number={5},
year={2005},
month={september},
pages={1021-1028},
keywords={planar robot , wire robot , workspace , optimal design , isotropy ,parallel robot},
},
@INPROCEEDINGS{bostelman1997emma,
    author = {Roger V. Bostelman and Albus, J. S.},
    title = {{RoboCrane} and {EMMA} Applied to Waste Storage Tank Remediation},
    booktitle = {Proc. American Nuclear Society Seventh Topical Meeting on Robotics and Remote Systems},
    year = {1997}
},

@incollection{rouillier95,
year={1995},
isbn={978-94-010-4147-8},
booktitle={Computational Kinematics ’95},
volume={40},
series={Solid Mechanics and Its Applications},
editor={Merlet, Jean-Pierre and Ravani, Bahram},
doi={10.1007/978-94-011-0333-6_8},
title={Real Root Counting for Some Robotics Problems},
url={http://dx.doi.org/10.1007/978-94-011-0333-6_8},
publisher={Springer Netherlands},
author={Rouillier, F.},
pages={73-82},
language={English}
},
@article{1994:Ming.Higuchi,
author={Ming, A. and Higuchi, T.},
title={Study on multiple degree of freedom positioning mechanisms using wires, {P}art {II}: {D}evelopment of a planar completely restrained positioning mechanism},
journal={Int. J. Japan Soc. Prec. Eng.},
volume={28},
number={3},
year={1994},
month={september},
pages={235-242},
keywords={wire robot , mechanical architecture , control , planar robot , applications , hardware , redundant robot , inverse kinematics , workspace ,parallel robot}
},

@article{merlet2004solving,
author = {Merlet, J{-}P.}, 
title = {Solving the Forward Kinematics of a {G}ough-Type Parallel Manipulator with Interval Analysis},
volume = {23}, 
number = {3}, 
pages = {221-235}, 
year = {2004}, 
doi = {10.1177/0278364904039806}, 
URL = {http://ijr.sagepub.com/content/23/3/221.abstract}, 
eprint = {http://ijr.sagepub.com/content/23/3/221.full.pdf+html}, 
journal = {The International Journal of Robotics Research} 
},


@article{2006:Kozak.ea,
author={Kozak, K. and others},
title={Static analysis of cable-driven manipulators with non-negligible cable mass},
journal={IEEE Trans. on Robotics},
volume={22},
number={3},
year={2006},
month={june},
pages={425-433},
keywords={wire robot , statics ,parallel robot},
},

@ARTICLE{carricato_merlet2013,
author={Carricato, M. and Merlet, J{-}P.},
journal={Robotics, IEEE Transactions on},
title={Stability Analysis of Underconstrained Cable-Driven Parallel Robots},
year={2013},
month={Feb},
volume={29},
number={1},
pages={288-296},
keywords={end effectors;geometry;linear algebra;optimisation;stability;constrained optimization problem;crane configuration;geometrico-static model;ordinary linear-algebra routines;stability analysis;static equilibrium;underconstrained cable-driven parallel robots;Bismuth;Equations;Force;Robot kinematics;Stability analysis;Vectors;Cable-driven parallel robots (CDPRs);kinematic analysis;stability analysis;static analysis;underconstrained robots},
doi={10.1109/TRO.2012.2217795},
ISSN={1552-3098},},

@techreport{michel1993,
    hal_id = {inria-00074822},
    url = {http://hal.inria.fr/inria-00074822},
    title = {{Singularities in the determination of the situation of a robot effector from the perspective view of 3 points}},
    author = {Michel, H. and Rives, P.},
    abstract = {{Disponible dans les fichiers attach{\'e}s {\`a} ce document}},
    language = {Anglais},
    affiliation = {PRISME - INRIA Sophia Antipolis},
    type = {Rapport de recherche},
    institution = {INRIA},
    number = {RR-1850},
    year = {1993},
    pdf = {http://hal.inria.fr/inria-00074822/PDF/RR-1850.pdf},
},

@article{merlet89singular,
  author    = {Merlet, J{-}P.},
  title     = {Singular Configurations of Parallel Manipulators and {G}rassmann Geometry},
  journal   = {I. J. Robotic Res.},
  year      = {1989},
  volume    = {8},
  number    = {5},
  pages     = {45--56},
  url       = {http://dx.doi.org/10.1177/027836498900800504},
  doi       = {10.1177/027836498900800504},
  timestamp = {Wed, 22 Oct 2014 19:13:42 +0200},
  biburl    = {http://dblp.uni-trier.de/rec/bib/journals/ijrr/Merlet89},
  bibsource = {dblp computer science bibliography, http://dblp.org}
},

@article{skycam,
author = {L. L. Cone},
title = {{Skycam: An Aerial Robotic Camera System}},
year = {1985},
masid = {3752608}
},


@article{journals/gosselin1989,
  author = {Gosselin, C. and Angeles, J.},
  ee = {http://dx.doi.org/10.1115/1.3258984},
  journal = {J. of Mechanisms, Transmissions and Automation in De-
sign},
  title = {The Optimum Kinematic Design of a Spherical Three-Degree-of-Freedom Parallel Manipulator.},
  year = 1989,
  month = Juin
  pages = {202-207},
  volume = 111(2)
},

@article{journals/jfr/AlbusBD93,
  added-at = {2013-04-27T00:00:00.000+0200},
  author = {Albus, J. S. and Bostelman, R. and Dagalakis, N. G.},
  biburl = {http://www.bibsonomy.org/bibtex/22bb6f23f523b88c3c508df5f019ec52e/dblp},
  ee = {http://dx.doi.org/10.1002/rob.4620100509},
  interhash = {23c8a167c165ee78382c8a9358240e5c},
  intrahash = {2bb6f23f523b88c3c508df5f019ec52e},
  journal = {J. Field Robotics},
  keywords = {dblp},
  number = 5,
  pages = {709-724},
  timestamp = {2013-04-27T00:00:00.000+0200},
  title = {The {NIST} robocrane.},
  url = {http://dblp.uni-trier.de/db/journals/jfr/jfr10.html#AlbusBD93},
  volume = 10,
  year = 1993
},

@article{1992:Albus.Bostelman.ea,
author={Albus, J. and Bostelman, R. and Dagalakis, N.},
title={The {NIST SPIDER}, a robot crane},
journal={Journal of research of the National Institute of Standards and Technology},
volume={97},
number={3},
year={1992},
month={may},
pages={373-385},
keywords={applications , workspace , wire robot , mechanical architecture , 6 dof robot , crane ,parallel robot},
},


@book{Faugeras:1993,
 author = {Faugeras, O.},
 title = {Three-dimensional Computer Vision: A Geometric Viewpoint},
 year = {1993},
 isbn = {0-262-06158-9},
 publisher = {MIT Press},
 address = {Cambridge, MA, USA},
},

@INPROCEEDINGS{dallej2011,
author={Dallej, T. and Gouttefarde, M. and Andreff, N. and Michelin, M. and Martinet, P.},
booktitle={Intelligent Robots and Systems (IROS), 2011 IEEE/RSJ International Conference on},
title={Towards vision-based control of cable-driven parallel robots},
year={2011},
month={Sept},
pages={2855-2860},
keywords={end effectors;robot vision;torque control;velocity control;visual servoing;3D pose visual servoing;Cartesian pose;cable-driven parallel robot;end-effector;velocity estimator;vision-based computed torque control;vision-based control;Cameras;Kinematics;Mobile communication;Parallel robots;Power cables;Vectors},
doi={10.1109/IROS.2011.6094591},
ISSN={2153-0858},
},

@inproceedings{merlet2012,
  added-at = {2012-07-19T00:00:00.000+0200},
  author = {Merlet, J{-}P.},
  biburl = {http://www.bibsonomy.org/bibtex/2495447a3e462e8531e1ea613b0e94182/dblp},
  booktitle = {ICRA},
  crossref = {conf/icra/2012},
  ee = {http://dx.doi.org/10.1109/ICRA.2012.6224615},
  interhash = {b14dd6f6734099ce82a142e8cc5349c0},
  intrahash = {495447a3e462e8531e1ea613b0e94182},
  isbn = {978-1-4673-1403-9},
  keywords = {dblp},
  pages = {2313-2318},
  publisher = {IEEE},
  timestamp = {2012-07-19T00:00:00.000+0200},
  title = {The kinematics of the redundant {N-1} wire driven parallel robot},
  url = {http://dblp.uni-trier.de/db/conf/icra/icra2012.html#Merlet12},
  year = 2012
},

@incollection{merlet2014,
year={2014},
isbn={978-3-319-06697-4},
booktitle={Advances in Robot Kinematics},
editor={Lenarčič, J. and Khatib, O.},
doi={10.1007/978-3-319-06698-1_13},
title={The Influence of Discrete-Time Control on the Kinematico-Static Behavior of Cable-Driven Parallel Robot with Elastic Cables},
url={http://dx.doi.org/10.1007/978-3-319-06698-1_13},
publisher={Springer International Publishing},
keywords={Cable-driven parallel robot; Elastic cable; Discrete-time control},
author={Merlet, Jean-Pierre},
pages={113-121},
language={English}
},

@article{samson1991,
author = {Samson, C. and Le Borgne, M. and Espiau E.},
title = {Robot Control (The Task Function Approach)},
journal = {Robotica},
volume = {9},
issue = {04},
month = {12},
year = {1991},
issn = {1469-8668},
pages = {447--448},
numpages = {2},
doi = {10.1017/S0263574700000643},
URL = {http://journals.cambridge.org/article_S0263574700000643},
},

@incollection{lenarcic2002,
year={2002},
isbn={978-90-481-6054-9},
booktitle={Advances in Robot Kinematics},
editor={Lenarčič, J. and Thomas, F.},
doi={10.1007/978-94-017-0657-5_13},
title={Tension Distribution in Tendon-Based Stewart Platforms},
url={http://dx.doi.org/10.1007/978-94-017-0657-5_13},
publisher={Springer Netherlands},
keywords={tendon-based parallel manipulator; tension; optimization; polyhedron; continuity},
author={Verhoeven, R. and Hiller, M.},
pages={117-124},
language={English}
},

@incollection{sandretto2015,
year={2015},
isbn={978-3-319-09488-5},
booktitle={Cable-Driven Parallel Robots},
volume={32},
series={Mechanisms and Machine Science},
editor={Pott, Andreas and Bruckmann, Tobias},
doi={10.1007/978-3-319-09489-2_1},
title={The Forward Kinematics of Cable-Driven Parallel Robots with Sagging Cables},
url={http://dx.doi.org/10.1007/978-3-319-09489-2_1},
publisher={Springer International Publishing},
author={Merlet, J{-}P. and Alexandre dit Sandretto, J.},
pages={3-15},
language={English}
},

@ARTICLE{fast2011,
   author = {{Nan}, R. and {Li}, D. and {Jin}, C. and {Wang}, Q. and {Zhu}, L. and 
	{Zhu}, W. and {Zhang}, H. and {Yue}, Y. and {Qian}, L.},
    title = {The Five-Hundred Aperture Spherical Radio Telescope ({FAST}) Project},
  journal = {International Journal of Modern Physics D},
archivePrefix = "arXiv",
   eprint = {1105.3794},
 primaryClass = "astro-ph.IM",
 keywords = {Radio telescope, active main reflector, HI 21cm line, pulsar},
     year = 2011,
   volume = 20,
    pages = {989-1024},
      doi = {10.1142/S0218271811019335},
   adsurl = {http://adsabs.harvard.edu/abs/2011IJMPD..20..989N},
  adsnote = {Provided by the SAO/NASA Astrophysics Data System}
},
@article{chaumette:tuto01,
    hal_id = {inria-00350283},
    url = {http://hal.inria.fr/inria-00350283},
    title = {{Visual servo control, Part I: Basic approaches}},
    author = {Chaumette, F. and Hutchinson, S.},
    affiliation = {LAGADIC - INRIA - IRISA , University of Illinois at Urbana Champaign - UIUC},
    publisher = {IEEE},
    pages = {82-90},
    journal = {IEEE Robotics and Automation Magazine},
    volume = {13},
    number = {4 },
    audience = {internationale },
    year = {2006},
    pdf = {http://hal.inria.fr/inria-00350283/PDF/2006\_ieee\_ram\_chaumette.pdf},
},

@article{chaumette:tuto02,
    hal_id = {inria-00350638},
    url = {http://hal.inria.fr/inria-00350638},
    title = {{Visual servo control, Part II: Advanced approaches}},
    author = {Chaumette, F. and Hutchinson, S.},
    affiliation = {LAGADIC - INRIA - IRISA , University of Illinois at Urbana Champaign - UIUC},
    publisher = {IEEE},
    pages = {109-118},
    journal = {IEEE Robotics and Automation Magazine},
    volume = {14},
    number = {1 },
    audience = {internationale },
    year = {2007},
    pdf = {http://hal.inria.fr/inria-00350638/PDF/2007\_ieee\_ram\_chaumette.pdf},
},

@INPROCEEDINGS{dallej2012,
author={Dallej, T. and Gouttefarde, M. and Andreff, N. and Dahmouche, R. and Martinet, P.},
booktitle={Intelligent Robots and Systems (IROS), 2012 IEEE/RSJ International Conference on},
title={Vision-based modeling and control of large-dimension cable-driven parallel robots},
year={2012},
month={Oct},
pages={1581-1586},
doi={10.1109/IROS.2012.6385504},
ISSN={2153-0858},},

@INPROCEEDINGS{ramosvelasco2012,
author={Ramos-Velasco, L. E.},
booktitle={World Automation Congress (WAC), 2012},
title={Visual servoing using discrete wavelet transform},
year={2012},
month={June},
pages={1-6},
ISSN={2154-4824},},

@InCollection{chaumette2008handbook,
   Author = {Chaumette, F. and Hutchinson, S.},
   Title = {Visual servoing and visual tracking},
   BookTitle = {Handbook of Robotics},
   editor = {Siciliano, B. and Khatib, O.},
   Chapter= {24},
   Pages = {563--583},
   Publisher = {Springer},
   Year = {2008}
},


@incollection{merlet2013openissues,
year={2013},
isbn={978-3-7091-1378-3},
booktitle={Romansy 19 – Robot Design, Dynamics and Control},
volume={544},
series={CISM International Centre for Mechanical Sciences},
editor={Padois, Vincent and Bidaud, Philippe and Khatib, Oussama},
doi={10.1007/978-3-7091-1379-0_1},
title={Wire-driven Parallel Robot: Open Issues},
url={http://dx.doi.org/10.1007/978-3-7091-1379-0_1},
publisher={Springer Vienna},
author={Merlet, J{-}P.},
pages={3-10},
language={English}
},
