@INPROCEEDINGS{dallej.2006,
author={Dallej, T. and Andreff, N. and Mezouar, Y. and Martinet, P.},
booktitle={Intelligent Robots and Systems, 2006 IEEE/RSJ International Conference on},
title={3D Pose Visual Servoing Relieves Parallel Robot Control from Joint Sensing},
year={2006},
month={Oct},
pages={4291-4296},
keywords={C++ language;control engineering computing;end effectors;feedback;public domain software;software libraries;visual servoing;3D pose visual servoing;end-effector pose;joint sensing;open source C++ library;parallel robot Cartesian control;visual feedback;Control systems;Intelligent robots;Kinematics;Motion control;Orbital robotics;Parallel robots;Robot control;Robot sensing systems;Switches;Visual servoing},
doi={10.1109/IROS.2006.281959},},

