@article{1965:Stewart,
author={Stewart, D.},
title={A platform with 6 degrees of freedom},
journal={Proc. of the Institution of mechanical engineers},
volume={180},
number={Part 1, 15},
year={1965},
pages={371-386},
keywords={mechanical architecture , 6 dof robot ,parallel robot},
},

@inproceedings{merlet2010,
  author    = {Merlet,J{-}P. and
               Daney D.},
  title     = {A portable, modular parallel wire crane for rescue operations},
  booktitle = {{IEEE} International Conference on Robotics and Automation, {ICRA}
               2010, Anchorage, Alaska, USA, 3-7 May 2010},
  year      = {2010},
  pages     = {2834--2839},
  crossref  = {DBLP:conf/icra/2010},
  url       = {http://dx.doi.org/10.1109/ROBOT.2010.5509299},
  doi       = {10.1109/ROBOT.2010.5509299},
  timestamp = {Wed, 10 Sep 2014 01:23:33 +0200},
  biburl    = {http://dblp.uni-trier.de/rec/bib/conf/icra/MerletD10},
  bibsource = {dblp computer science bibliography, http://dblp.org}
},

@inproceedings{tsai1986,
    address = {http://www-cgi.cs.cmu.edu/afs/cs.cmu.edu/user/rgw/www/TsaiCode.html},
    author = {Tsai, R. Y.},
    booktitle = {Proceedings of IEEE Conference on Computer Vision and Pattern Recognition, Miami Beach, FL},
    citeulike-article-id = {9912660},
    citeulike-linkout-0 = {http://www-cgi.cs.cmu.edu/afs/cs.cmu.edu/user/rgw/www/TsaiCode.html},
    pages = {364--374},
    posted-at = {2011-10-17 01:17:56},
    priority = {2},
    title = {{An Efficient and Accurate Camera Calibration Technique for 3{D} Machine Vision}},
    url = {http://www-cgi.cs.cmu.edu/afs/cs.cmu.edu/user/rgw/www/TsaiCode.html},
    year = {1986}
},

@ARTICLE{espiau1992,
author={Espiau, B. and Chaumette, F. and Rives, P.},
journal={Robotics and Automation, IEEE Transactions on},
title={A new approach to visual servoing in robotics},
year={1992},
month={Jun},
volume={8},
number={3},
pages={313-326},
keywords={computer vision;pattern recognition;robots;servomechanisms;stability;control servo loop;modeling;robotics;vision based control;visual servoing;Automatic control;Control systems;Machine vision;Robot control;Robot sensing systems;Robot vision systems;Robotics and automation;Robust stability;Sensor phenomena and characterization;Visual servoing},
doi={10.1109/70.143350},
ISSN={1042-296X},},

@ARTICLE{taghirad2011,
author={Taghirad, H. D. and Bedoustani, Y. B.},
journal={Robotics, IEEE Transactions on},
title={An Analytic-Iterative Redundancy Resolution Scheme for Cable-Driven Redundant Parallel Manipulators},
year={2011},
month={Dec},
volume={27},
number={6},
pages={1137-1143},
keywords={convex programming;iterative methods;redundant manipulators;search problems;Karush-Kuhn-Tucker theorem;analytic-iterative redundancy resolution scheme;cable-driven redundant parallel manipulators;closed-loop implementation;convex optimization problem;iterative search algorithm;Jacobian matrices;Manipulator dynamics;Motion control;Optimization;Redundancy;Analytic solution;motion control;parallel robots;redundancy resolution;redundant robots},
doi={10.1109/TRO.2011.2163433},
ISSN={1552-3098}
},

@inproceedings{1985:Landsberger.Sheridan*1,
author={Landsberger, S. E. and Sheridan, T. B.},
title={A new design for parallel link manipulator},
booktitle={Proc. Systems, Man and Cybernetics Conf.},
year={1985},
address={Tucson},
pages={812-814},
keywords={mechanical architecture , 3 dof robot , wire robot ,parallel robot},
},

@INPROCEEDINGS{brandou2006,
author={Brandou, V. and Malis, E. and Rives, P. and Allais, A{-}G and Perrier, M.},
booktitle={Intelligent Robots and Systems, 2006 IEEE/RSJ International Conference on},
title={Active Stereovision Using Invariant Visual Servoing},
year={2006},
month={Oct},
pages={2326-2331},
abstract={The objective of this paper is to propose an innovative visual servoing method in order to improve the 3D reconstruction of objects for quantitative measurements. The method uses a Stereovision system that allows us to obtain several shots of an object, at regular intervals according to a predefined trajectory. In our case, the stereo rig is equipped with two different cameras, consequently the intrinsic parameters are not the same. The first one is fixed while the other one is mounted on a pan and tilt. Simulation and preliminary experiments in laboratory conditions shows the validity of our approach},
keywords={active vision;image reconstruction;manipulators;mobile robots;stereo image processing;underwater vehicles;visual servoing;3D reconstruction;6 DOF manipulator arm;active stereovision;invariant visual servoing;underwater scenes;underwater vehicles;Acoustic measurements;Cameras;Geometry;Image reconstruction;Layout;Robot vision systems;Sea measurements;Stereo vision;Underwater vehicles;Visual servoing},
doi={10.1109/IROS.2006.282640},},

@INPROCEEDINGS{siradjuddin2012,
author={Siradjuddin, I and Behera, L. and McGinnity, T. M. and Coleman, S.},
booktitle={Neural Networks (IJCNN), The 2012 International Joint Conference on},
title={A position based visual tracking system for a 7 DOF robot manipulator using a {K}inect camera},
year={2012},
month={June},
pages={1-7},
keywords={Kalman filters;cameras;object tracking;pose estimation;redundant manipulators;robot vision;stability;visual servoing;3D feature point position estimation;7 DOF PowerCube manipulator;Amtec Robotic;Kalman filter;Kinect camera;PBVS;calibrated robotic system;eye-to-hand configuration;position based visual tracking system;position-based visual servoing;redundant manipulator;stability analysis;Cameras;Joints;Manipulators;Robot vision systems;Target tracking;Visualization},
doi={10.1109/IJCNN.2012.6252597},
ISSN={2161-4393},},

@inproceedings{park1998,
author={Park, F. C. and Kim, J. W.},
title={A singularity classification for closed chains},
booktitle={Advances in Robot Kinematics: Analysis and Control},
year={1998},
editor={Lenarvcivc, Jadran and Husty, Manfred},
publisher={Kluwer Academic Publishers},
address={Strobl, Austria},
pages={483-492},
keywords={kinematics , geometry , singularity},
},

@incollection{merlet2004interferences,
year={2004},
isbn={978-90-481-6622-0},
booktitle={On Advances in Robot Kinematics},
editor={Lenarčič, J. and Galletti, C.},
doi={10.1007/978-1-4020-2249-4_23},
title={Analysis of the Influence of Wires Interference on the Workspace of Wire Robots},
url={http://dx.doi.org/10.1007/978-1-4020-2249-4_23},
publisher={Springer Netherlands},
keywords={workspace analysis; self-collision; wire robots; parallel robots},
author={Merlet, J{-}P.},
pages={211-218},
language={English}
},

@inproceedings{satoshi2002,
   author              = {Satoshi, T. and 
                          Shigeru, K.},
   title               = {A portable parallel motion platform for urban search and surveillance in disasters.},
   journal             = {Advanced Robotics},
   year                = {2002},
   pages               = {537-540},
   ee                  = {http://dx.doi.org/10.1163/156855302320535917},
},

@article{bosscher2005,
author = {Bosscher, P. and Williams, R. L. and Tummino, M.},
title = {A Concept for Rapidly-Deployable Cable Robot Search and Rescue Systems},
journal={ASME 2005 International Design Engineering Technical Conferences and Computers and Information in Engineering Conference},
year={20058},
volume={7},
},


@INPROCEEDINGS{deschenes2007,
author={Deschenes, J{-}D. and Lambert, P. and Perreault, S. and Martel-Brisson, N. and Zoso, N. and Zaccarin, A. and Hebert, P. and Bouchard, S. and Gosselin, C. M.},
booktitle={3{D} Digital Imaging and Modeling, 2007. 3DIM '07. Sixth International Conference on},
title={A Cable-driven Parallel Mechanism for Capturing Object Appearance from Multiple Viewpoints},
year={2007},
month={Aug},
pages={367-374},
keywords={cameras;end effectors;image resolution;cable-driven end-effector;cable-driven parallel mechanism;hemispheric trajectories;high resolution camera;multiple viewpoints;object appearance;surface light field;visual hull;Cable TV;Cables;Cameras;Computer vision;Geometry;Laboratories;Mechanical engineering;Robot vision systems;Scalability;Trajectory},
doi={10.1109/3DIM.2007.4},
ISSN={1550-6185},},

@article{bruckmann2006modular,
  title={A modular controller for redundantly actuated tendon-based {S}tewart platforms},
  author={Bruckmann, T. and Pott, A. and Franitza, D. and Hiller, M.},
  journal={EuCoMeS, Obergurgl, Austria, In},
  year={2006},
  publisher={Citeseer}
},

@article{briot2007,
  TITLE = {{Are Parallel Robots More Accurate than Serial Robots?}},
  AUTHOR = {Briot, S. and Bonev, I.},
  URL = {https://hal.archives-ouvertes.fr/hal-00362500},
  JOURNAL = {{CSME Transactions}},
  VOLUME = {31},
  NUMBER = {4},
  PAGES = {445-456},
  YEAR = {2007},
  MONTH = Nov,
  HAL_ID = {hal-00362500},
  HAL_VERSION = {v1},
},


@INPROCEEDINGS{husty94,
    author = {Husty, M. L.},
    title = {An Algorithm for Solving the Direct Kinematic Of {S}tewart-{G}ough-Type Platforms},
    booktitle = {Mechanism and machine theory},
    year = {1994},
    pages = {1994--94},
    publisher = {}
},

@INPROCEEDINGS{chellal2014,
author={Chellal, R. and Laroche, E. and Cuvillon, L.},
booktitle={Control Conference (ECC), 2014 European},
title={An {H}{$\infty$} methodology for position control of 6-DoF Cable-Driven Parallel Robots},
year={2014},
month={June},
pages={358-363},
keywords={H control;MIMO systems;cables (mechanical);cascade control;control system synthesis;end effectors;filtering theory;flexible manipulators;force control;nonlinear control systems;position control;6-DoF cable-driven parallel robots;H∞ methodology;INCA 6D robot;cascade control parts;constrained states;disturbance rejection properties;end-effector pose;force control;four-blocks H∞ design;nonlinear coupled MIMO system;position control;redundant 6-DoF cable-robot;trajectory tracking;vision-tracking system;weighting filters;Aerospace electronics;Manipulators;Position control;Position measurement;Power cables;Vectors},
doi={10.1109/ECC.2014.6862431},},

@incollection{chellal2015,
year={2015},
isbn={978-3-319-09488-5},
booktitle={Cable-Driven Parallel Robots},
volume={32},
series={Mechanisms and Machine Science},
editor={Pott, Andreas and Bruckmann, Tobias},
doi={10.1007/978-3-319-09489-2_15},
title={A Kinematic Vision-Based Position Control of a 6-DoF Cable-Driven Parallel Robot},
url={http://dx.doi.org/10.1007/978-3-319-09489-2_15},
publisher={Springer International Publishing},
author={Chellal, R. and Cuvillon, L. and Laroche, E.},
pages={213-225},
language={English}
},


