@article{Klimchik2013385,
title = "Compliance error compensation technique for parallel robots composed of non-perfect serial chains ",
journal = "Robotics and Computer-Integrated Manufacturing ",
volume = "29",
number = "2",
pages = "385 - 393",
year = "2013",
note = "",
issn = "0736-5845",
doi = "http://dx.doi.org/10.1016/j.rcim.2012.09.008",
url = "http://www.sciencedirect.com/science/article/pii/S0736584512001111",
author = "Alexandr Klimchik and Anatol Pashkevich and Damien Chablat and Geir Hovland",
keywords = "Parallel robots",
keywords = "Nonlinear stiffness modeling",
keywords = "Compliance error compensation",
keywords = "Non-perfect manipulators "
},

@incollection{sandretto:hal-00907510,
    title = {{Confirmation of Hypothesis on Cable Properties for Cable-Driven Robots}},
    author = {Sandretto, JulienAlexandredit and Trombettoni, Gilles and Daney, David},
    booktitle = {{New Trends in Mechanism and Machine Science}},
    publisher = {Springer Netherlands},
    pages = {85-93},
    volume = {7},
    editor = {Viadero, Fernando and Ceccarelli, Marco },
    year = {2013},
},

@techreport{alexandreditsandretto:hal-00668921,
    hal_id = {hal-00668921},
    url = {http://hal.inria.fr/hal-00668921},
    title = {{Calibration of a fully-constrained parallel cable-driven robot}},
    author = {Alexandre Dit Sandretto, Julien and Daney, David and Gouttefarde, Marc and Baradat, C{\'e}dric},
    pages = {21},
    type = {Rapport de recherche},
    institution = {INRIA},
    number = {RR-7879},
    year = {2012},
    month = Feb,
    pdf = {http://hal.inria.fr/hal-00668921/PDF/RR-7879.pdf},
},

@article{Wen:2012:CMS:2400184.2400197,
 author = {Wen, Shuang-Quan and Wu, Tie-Jun},
 title = {Computation for Maximum Stable Grasping in Dynamic Force Distribution},
 journal = {J. Intell. Robotics Syst.},
 issue_date = {December  2012},
 volume = {68},
 number = {3-4},
 month = dec,
 year = {2012},
 issn = {0921-0296},
 pages = {225--243},
 numpages = {19},
 url = {http://dx.doi.org/10.1007/s10846-012-9682-9},
 doi = {10.1007/s10846-012-9682-9},
 acmid = {2400197},
 publisher = {Kluwer Academic Publishers},
 address = {Hingham, MA, USA},
 keywords = {Dynamic force distribution, Friction cone constraints, Maximum stability, Multi-fingered grasping, Optimal contact force},
},

@incollection{books/sp/bayro2010/BatardBS10,
  added-at = {2011-11-02T00:00:00.000+0100},
  author = {Batard, Thomas and Berthier, Michel and Saint-Jean, Christophe},
  biburl = {http://www.bibsonomy.org/bibtex/29bf6acad6566f5d5cd73c03288f57f0d/dblp},
  booktitle = {Geometric Algebra Computing},
  crossref = {books/sp/bayro10},
  editor = {Bayro-Corrochano, Eduardo and Scheuermann, Gerik},
  ee = {http://dx.doi.org/10.1007/978-1-84996-108-0_8},
  interhash = {f1134f4432b8259da0a75119e0567d14},
  intrahash = {9bf6acad6566f5d5cd73c03288f57f0d},
  isbn = {978-1-84996-107-3},
  keywords = {dblp},
  pages = {135-162},
  publisher = {Springer},
  timestamp = {2011-11-02T00:00:00.000+0100},
  title = {Clifford-Fourier Transform for Color Image Processing.},
  url = {http://dblp.uni-trier.de/db/books/collections/Bayro2010.html#BatardBS10},
  year = 2010
},

@INPROCEEDINGS{5509358,
author={Cunningham, D.P. and Asada, H.H.},
booktitle={Robotics and Automation (ICRA), 2010 IEEE International Conference on},
title={Continuous path tracing by a cable-suspended, under-actuated robot: The Winch-Bot},
year={2010},
month={May},
pages={1255-1260},
keywords={end effectors;feedback;linearisation techniques;mobile robots;motion control;path planning;Winch-Bot;actuator;cable length;cable-suspended under-actuated robot;continuous path tracing;end-effecter;free geometric path;object surface;partial feedback linearization;surface inspection;traceability condition;traceability criteria;tracing dynamics;tracing motion;Cranes;Inspection;Linear feedback control systems;Mechanical engineering;Motion analysis;Motion control;Robotics and automation;Robots;Trajectory;Winches},
doi={10.1109/ROBOT.2010.5509358},
ISSN={1050-4729}
},

@InProceedings{Liris-4601,
  title         = {{Combinaison de caractéristiques pour la reconnaissance 
    rapide, robuste et invariante d’objets spécifiques}},
  author        = {Jérôme {Revaud} and Guillaume {Lavoué} and Yasuo {Ariki} 
    and Atilla {Baskurt}},
  year          = {2010},
  month         = jan,
  booktitle     = {RFIA},
   language      = {fr},
  url           = {http://liris.cnrs.fr/publis/?id=4601}
},

@article{journals/ar/GonzalezRGPS13,
  added-at = {2013-06-26T00:00:00.000+0200},
  author = {González, Ramón and Rodríguez, Francisco and Guzmán, José Luis and Pradalier, Cédric and Siegwart, Roland},
  biburl = {http://www.bibsonomy.org/bibtex/2e6bee874109897e74e566298eca7ff8d/dblp},
  ee = {http://dx.doi.org/10.1080/01691864.2013.791742},
  interhash = {f380bfe67bf8bf25710f7102a6b47af0},
  intrahash = {e6bee874109897e74e566298eca7ff8d},
  journal = {Advanced Robotics},
  keywords = {dblp},
  number = 11,
  pages = {893-906},
  timestamp = {2013-06-26T00:00:00.000+0200},
  title = {Control of off-road mobile robots using visual odometry and slip compensation.},
  url = {http://dblp.uni-trier.de/db/journals/ar/ar27.html#GonzalezRGPS13},
  volume = 27,
  year = 2013
},

@article{27137089,
author = {Simon Perreault and Clément M. Gosselin},
title = {{Cable-Driven Parallel Mechanisms: Application to a Locomotion Interface}},
journal = {Journal of Mechanical Design},
volume = {130},
year = {2008},
issue = {10},
doi = {10.1115/1.2965607},
masid = {27137089}
},

@misc{1956:Gough,
author={Gough, V.E.},
title={Contribution to discussion of papers on research in Automobile Stability, Control and Tyre performance},
year={1956-1957},
note={Proc. Auto Div. Inst. Mech. Eng.},
pages={392-394},
keywords={mechanical architecture , applications ,parallel robot},
},

@phdthesis{2003:Krut1,
author={Krut, S.},
title={Contribution `a l''etude des robots parall`eles l'egers, 3T-1R et 3T-2R, `a forts d'ebattements angulaires},
year={2003},
month={13 november},
school={Universit'e Montpellier II},
address={Montpellier},
keywords={4 dof robot , 5 dof robot ,parallel robot},
},

@inproceedings{merlet.1993,
  author    = {Jean{-}Pierre Merlet},
  title     = {Closed-Form Resolution of the Direct Kinematics of Parallel Manipulators
               Using Extra Sensors Data},
  booktitle = {Proceedings of the 1993 {IEEE} International Conference on Robotics
               and Automation, Atlanta, Georgia, USA, May 1993},
  year      = {1993},
  pages     = {200--204},
  crossref  = {DBLP:conf/icra/1993},
  url       = {http://dx.doi.org/10.1109/ROBOT.1993.291983},
  doi       = {10.1109/ROBOT.1993.291983},
  timestamp = {Mon, 08 Sep 2014 14:49:00 +0200},
  biburl    = {http://dblp.uni-trier.de/rec/bib/conf/icra/Merlet93},
  bibsource = {dblp computer science bibliography, http://dblp.org}
},

@ARTICLE{brown71,
    author = {Duane C. Brown},
    title = {Close-range camera calibration},
    journal = {PHOTOGRAMMETRIC ENGINEERING},
    year = {1971},
    volume = {37},
    number = {8},
    pages = {855--866}
},

@INPROCEEDINGS{ramadour2014,
author={Ramadour, R. and Merlet, J.-P.},
booktitle={Advanced Intelligent Mechatronics (AIM), 2014 IEEE/ASME International Conference on},
title={Computing safe trajectories for an assistive cable-driven parallel robot by selecting the cables under tension and using interval analysis},
year={2014},
month={July},
pages={1349-1354},
keywords={cranes;end effectors;medical robotics;CDPR;Marionet-assist;assistive cable-driven parallel robot;cable configurations;cables under tension;crane robot;end-effector;interval analysis;position control;safe trajectory computation;Accuracy;Mechanical cables;Power cables;Robots;Trajectory;Uncertainty;Wires},
doi={10.1109/AIM.2014.6878270},},

