@conference{1988:Clavel,
author={Clavel, R.},
title={{Delta}, a fast robot with parallel geometry},
booktitle={18th Int. Symp. on Industrial Robots (ISIR)},
year={1988},
month={26-28 april},
address={Lausanne},
pages={91-100},
keywords={mechanical architecture , workspace , singularity , 3 dof robot ,parallel robot},
},

@conference{2011:Carricato.Merlet,
author={Carricato, M. and Merlet, J{-}P.},
title={Direct Geometrico-Static Problem of Under-Constrained Cable-Driven Parallel Robots with Three Cables},
booktitle={IEEE Int. Conf. on Robotics and Automation},
year={2011},
month={9-13 may},
address={Shangai},
pages={3011-3017},
keywords={wire robot , statics , kinematics ,parallel robot},
},

@INPROCEEDINGS{park2013,
author={Shi Baek Park and Han Sung Kim and Changyong Song and Kyunghwan Kim},
booktitle={Robotics (ISR), 2013 44th International Symposium on},
title={Dynamics modeling of a {D}elta-type parallel robot},
year={2013},
month={Oct},
pages={1-5},
keywords={manipulator dynamics;torque control;ISR 2013;Lagrangian equations;delta-type parallel manipulator;delta-type parallel robot;dynamics modeling;inverse dynamic equations;simplified dynamics modeling;torque control;Actuators;Computational modeling;Hardware;Kinematics;Manipulators;Torque;ADAMS;Delta parallel robot;Dynamics modeling;Lagrangian equation;computed torque control},
doi={10.1109/ISR.2013.6695721},},

@INPROCEEDINGS{kawamura1995,
author={Kawamura, S. and Choe, W. and Tanaka, S. and Pandian, S. R.},
booktitle={Robotics and Automation, 1995. Proceedings., 1995 IEEE International Conference on},
title={Development of an ultrahigh speed robot {FALCON} using wire drive system},
year={1995},
month={May},
volume={1},
pages={215-220 vol.1},
keywords={DC motors;assembling;industrial control;industrial robots;nonlinear control systems;robots;small electric machines;two-term control;vibration control;13 m/s;60 W;FALCON;Fast Load Conveyance;internal force control;linear PD feedback;nonlinear elasticity;point-to-point control;small DC motors;ultrahigh speed robot;wire-drive system;wire-driven parallel manipulation system;Acceleration;DC motors;Elasticity;Force control;Parallel robots;Position control;Prototypes;Robotic assembly;Vibration control;Wire},
doi={10.1109/ROBOT.1995.525288},
ISSN={1050-4729},},

@inproceedings{bostelman1994,
  title={Applications of the {NIST} RoboCrane},
  author={Bostelman, R. and Albus, J. and Dagalakis, N. and Jacoff, A. and Gross, J.}
},

@incollection{carricato2014cables5,
year={2014},
isbn={978-94-007-7213-7},
booktitle={Computational Kinematics},
volume={15},
series={Mechanisms and Machine Science},
editor={Thomas, Federico and Perez Gracia, Alba},
doi={10.1007/978-94-007-7214-4_7},
title={Direct Geometrico-Static Problem of Underconstrained Cable-Driven Parallel Robots with Five Cables},
url={http://dx.doi.org/10.1007/978-94-007-7214-4_7},
publisher={Springer Netherlands},
keywords={Cable-driven robots; Underconstrained robots; Kinematics; Statics.},
author={Abbasnejad, G. and Carricato, M.},
pages={59-66},
language={English}
},

@incollection{carricato2013cables4,
year={2013},
isbn={978-3-642-31987-7},
booktitle={Cable-Driven Parallel Robots},
volume={12},
series={Mechanisms and Machine Science},
editor={Bruckmann, T. and Pott, A.},
doi={10.1007/978-3-642-31988-4_17},
title={Direct Geometrico-Static Analysis of Under-Constrained Cable-Driven Parallel Robots with 4 Cables},
url={http://dx.doi.org/10.1007/978-3-642-31988-4_17},
publisher={Springer Berlin Heidelberg},
author={Carricato, M. and Abbasnejad, G.},
pages={269-285},
language={English}
},

@article{hiller2005,
title = "Design, analysis and realization of tendon-based parallel manipulators ",
journal = "Mechanism and Machine Theory ",
volume = "40",
number = "4",
pages = "429 - 445",
year = "2005",
note = "",
issn = "0094-114X",
doi = "http://dx.doi.org/10.1016/j.mechmachtheory.2004.08.002",
url = "http://www.sciencedirect.com/science/article/pii/S0094114X04001430",
author = "Hiller, M. and Fang, S. and Mielczarek, S. and Verhoeven, R. and Franitza, D.",
keywords = "Tendon-based Stewart-platform",
keywords = "Workspace",
keywords = "Forward kinematics",
keywords = "Trajectory planning "
},

