

@INPROCEEDINGS{riehl2009,
author={Riehl, N. and Gouttefarde, M. and Krut, Sebastien and Baradat, Cedric and Pierrot, F.},
booktitle={Robotics and Automation, 2009. ICRA '09. IEEE International Conference on},
title={Effects of non-negligible cable mass on the static behavior of large workspace cable-driven parallel mechanisms},
year={2009},
month={May},
pages={2193-2198},
keywords={manipulator kinematics;cable tension;forward kinematics;inverse kinematics;large workspace cable-driven parallel mechanism static behavior;minimally constrained cable-driven robot manipulator;non negligible cable mass;Cables;Elasticity;Extremities;Kinematics;Leg;Manipulators;NIST;Parallel robots;Robotics and automation;Springs},
doi={10.1109/ROBOT.2009.5152576},
ISSN={1050-4729},},


