@INPROCEEDINGS{chari2008,
author={Chari, V. and Sharma, A and Namboodiri, A and Jawahar, C. V.},
booktitle={Computer Vision, Graphics Image Processing, 2008. ICVGIP '08. Sixth Indian Conference on},
title={Frequency Domain Visual Servoing Using Planar Contours},
year={2008},
month={Dec},
pages={87-94},
keywords={Fourier transforms;computational geometry;visual servoing;Cartesian space;Fourier domain methods;Fourier transforms;frequency domain visual servoing;geometric vision;planar contours;Cameras;Feedback;Frequency domain analysis;Information technology;Orbital robotics;Robot kinematics;Robot sensing systems;Robot vision systems;Space exploration;Visual servoing;Affine and Projective geometry;Fourier Transform;Robotics;Visual Servoing},
doi={10.1109/ICVGIP.2008.63},},

@article{marchand2005,
   Author = {Marchand, E. and Chaumette, F.},
   Title = {Feature tracking for visual servoing purposes},
   Journal = {Robotics and Autonomous Systems},
   Volume = {52},
   Number = {1},
   Pages = {53--70},
   Publisher = {Elsevier},
   Month = {July},
   Year = {2005}
},

@INPROCEEDINGS{wampler96,
    author = {Wampler, C. W.},
    title = {Forward displacement analysis of general six-inparallel {SPS} ({S}tewart) platform manipulators using soma coordinates},
    booktitle = {Mechanism and Machine Theory},
    year = {1996},
    pages = {331--337}
},

