@article{journals/robotica/CaccavaleLMPRV13,
  added-at = {2013-10-25T00:00:00.000+0200},
  author = {Caccavale, Fabrizio and Lippiello, Vincenzo and Muscio, Giuseppe and Pierri, Francesco and Ruggiero, Fabio and Villani, Luigi},
  biburl = {http://www.bibsonomy.org/bibtex/28de01b2aed36910616ed7b22944537ad/dblp},
  ee = {http://dx.doi.org/10.1017/S0263574713000647},
  interhash = {af7e2f7a8619e81ed33f3214bf974959},
  intrahash = {8de01b2aed36910616ed7b22944537ad},
  journal = {Robotica},
  keywords = {dblp},
  number = 7,
  pages = {1169-1194},
  timestamp = {2013-10-25T00:00:00.000+0200},
  title = {Grasp planning and parallel control of a redundant dual-arm/hand manipulation system.},
  url = {http://dblp.uni-trier.de/db/journals/robotica/robotica31.html#CaccavaleLMPRV13},
  volume = 31,
  year = 2013
},

@conference{2010:Carricato.Merlet,
author={Carricato, M. and Merlet, J-P.},
title={Geometrico-static analysis of under-constrained cable-driven parallel robot},
booktitle={ARK},
year={2010},
month={28 june -- 1 july},
address={Piran},
pages={309-320},
keywords={wire robot , statics , kinematics ,parallel robot},
},

@article{hansen1980,
year={1980},
issn={0029-599X},
journal={Numerische Mathematik},
volume={34},
number={3},
doi={10.1007/BF01396702},
title={Global optimization using interval analysis â€” the multi-dimensional case},
url={http://dx.doi.org/10.1007/BF01396702},
publisher={Springer-Verlag},
keywords={AMS(MOS): 65K05, 90C30},
author={Hansen, Eldon},
pages={247-270},
language={English}
},


