@article{Alcantarilla:2013:LHS:2435403.2435408,
 author = {Alcantarilla, Pablo F. and Stasse, Olivier and Druon, Sebastien and Bergasa, Luis M. and Dellaert, Frank},
 title = {How to Localize Humanoids with a Single Camera?},
 journal = {Auton. Robots},
 issue_date = {January   2013},
 volume = {34},
 number = {1-2},
 month = jan,
 year = {2013},
 issn = {0929-5593},
 pages = {47--71},
 numpages = {25},
 url = {http://dx.doi.org/10.1007/s10514-012-9312-1},
 doi = {10.1007/s10514-012-9312-1},
 acmid = {2435408},
 publisher = {Kluwer Academic Publishers},
 address = {Hingham, MA, USA},
 keywords = {Bundle adjustment, Humanoid robots, Locally weighted learning, Visibility prediction, Vision-based localization},
},