@article{,
author = "Carricato, M.",
institution = "Department of Industrial Engineering and Interdepartmental Center for Health Sciences and Technologies, University of Bologna, Viale Risorgimento 2, ITA",
title = "Inverse Geometrico-Static Problem of Underconstrained Cable-Driven Parallel Robots With Three Cables",
journal = "Journal of mechanisms and robotics (Print)",
year = "2013",
volume = "5",
number = "3",
editor = "American Society of Mechanical Engineers",
issn = "1942-4302",
note = "eng",
keywords = "Kinematics; Inverse problem; Orientation; Linkage mechanism; Cable; Indeterminate structure; Mechanical tension; Robot; Robotics",
url = "http://www.refdoc.fr/Detailnotice?idarticle=55595321"
},


@ARTICLE{5657268,
author={Gouttefarde, M. and Daney, D. and Merlet, J{-}P.},
journal={Robotics, IEEE Transactions on},
title={Interval-Analysis-Based Determination of the Wrench-Feasible Workspace of Parallel Cable-Driven Robots},
year={2011},
month={Feb},
volume={27},
number={1},
pages={1-13},
keywords={mobile robots;wrapping;branch-and-prune algorithms;degree-of-freedom parallel robots;discrete zero-dimensional finite set;geometric design parameters;interval-analysis-based determination;maximum admissible tensions;mobile platform poses;nonnegative cable tensions;parallel cable-driven robots;wrapping effect;wrench-feasible workspace;Cable-driven robots;interval analysis;workspace determination;wrench feasibility},
doi={10.1109/TRO.2010.2090064},
ISSN={1552-3098}
},

@article{andreff2007,
 author = {Andreff, N. and Dallej, T. and Martinet, P.},
 title = {Image-based Visual Servoing of a {G}ough{-}{S}tewart Parallel Manipulator Using Leg Observations},
 journal = {Int. J. Rob. Res.},
 issue_date = {July      2007},
 volume = {26},
 number = {7},
 month = jul,
 year = {2007},
 issn = {0278-3649},
 pages = {677--687},
 numpages = {11},
 url = {http://dx.doi.org/10.1177/0278364907080426},
 doi = {10.1177/0278364907080426},
 acmid = {1270224},
 publisher = {Sage Publications, Inc.},
 address = {Thousand Oaks, CA, USA},
 keywords = {parallel robots, visual servoing},
},
 
@article{moore1968,
 jstor_articletype = {book-review},
 title = {Interval Analysis},
 author = {Moore, R. E. and Richtmyer, R. D.},
 journal = {Mathematics of Computation},
 jstor_issuetitle = {},
 volume = {22},
 number = {101},
 jstor_formatteddate = {Jan., 1968},
 pages = {pp. 219-222},
 url = {http://www.jstor.org/stable/2004792},
 ISSN = {00255718},
 abstract = {},
 language = {English},
 year = {1968},
 publisher = {American Mathematical Society},
 copyright = {Copyright Â© 1968 American Mathematical Society},
},

@ARTICLE{gouttefarde2011,
author={Gouttefarde, M. and Daney, D. and Merlet, J{-}P.},
journal={Robotics, IEEE Transactions on},
title={Interval-Analysis-Based Determination of the Wrench-Feasible Workspace of Parallel Cable-Driven Robots},
year={2011},
month={Feb},
volume={27},
number={1},
pages={1-13},
keywords={mobile robots;wrapping;branch-and-prune algorithms;degree-of-freedom parallel robots;discrete zero-dimensional finite set;geometric design parameters;interval-analysis-based determination;maximum admissible tensions;mobile platform poses;nonnegative cable tensions;parallel cable-driven robots;wrapping effect;wrench-feasible workspace;Cable-driven robots;interval analysis;workspace determination;wrench feasibility},
doi={10.1109/TRO.2010.2090064},
ISSN={1552-3098},},

@article{daney2006interval,
  title={Interval method for calibration of parallel robots: Vision-based experiments},
  author={Daney, D. and Andreff, N. and Chabert, G. and Papegay, Y.},
  journal={Mechanism and Machine Theory},
  volume={41},
  number={8},
  pages={929--944},
  year={2006},
  publisher={Elsevier}
},

@INPROCEEDINGS{bedoustani2010,
author={Bedoustani, Y. B. and Taghirad, H. D.},
booktitle={Advanced Intelligent Mechatronics (AIM), 2010 IEEE/ASME International Conference on},
title={Iterative-analytic redundancy resolution scheme for a cable-driven redundant parallel manipulator},
year={2010},
month={July},
pages={219-224},
doi={10.1109/AIM.2010.5695810}
},

@MISC{malis2004,
    author = {Ezio M.},
    title = {Improving Vision-Based Control Using Efficient Second-Order Minimization Techniques},
    year = {2004}
},

@INPROCEEDINGS{lolo2014,
author={Blanchet, L. and Merlet, J{-}P.},
booktitle={Advanced Intelligent Mechatronics (AIM), 2014 IEEE/ASME International Conference on},
title={Interference detection for cable-driven parallel robots ({CDPR}s)},
year={2014},
month={July},
pages={1413-1418},
keywords={collision avoidance;legged locomotion;6D workspace;CDPR platform;cable-driven parallel robots;interference detection;interval analysis-based applications;Cable shielding;Equations;Interference;Legged locomotion;Mathematical model;Silicon;Vectors;Cable-Driven Parallel Robots;Interval Analysis;Modeling and Design;collision;leg interference;robotics},
doi={10.1109/AIM.2014.6878280},},

@inproceedings{izard2013,
  TITLE = {{Integration of a parallel cable-driven robot on an existing building fa{\c c}ade}},
  AUTHOR = {Izard, J{-}B. Gouttefarde, M. and Baradat, C. and Culla, D. and Sall{\'e}, D.},
  URL = {http://hal-lirmm.ccsd.cnrs.fr/lirmm-00737648},
  BOOKTITLE = {{First international conference on cable-driven parallel robots}},
  ADDRESS = {Stuttgart, Germany},
  PUBLISHER = {{Springer}},
  SERIES = {Cable-Driven Parallel Robots},
  PAGES = {149-164},
  HAL_ID = {lirmm-00737648},
  HAL_VERSION = {v1},
},
