@incollection{merlet2007jacobian,
year={2007},
isbn={978-3-540-48110-2},
booktitle={Robotics Research},
volume={28},
series={Springer Tracts in Advanced Robotics},
editor={Thrun, Sebastian and Brooks, Rodney and Durrant-Whyte, Hugh},
doi={10.1007/978-3-540-48113-3_16},
title={Jacobian, Manipulability, Condition Number and Accuracy of Parallel Robots},
url={http://dx.doi.org/10.1007/978-3-540-48113-3_16},
publisher={Springer Berlin Heidelberg},
author={Merlet, J{-}P.},
pages={175-184},
language={English}
},

