@incollection{merlet:hal-00987468,
    hal_id = {hal-00987468},
    url = {http://hal.inria.fr/hal-00987468},
    title = {{Kinematic analysis of a spatial four-wire driven parallel crane without constraining mechanism}},
    author = {Merlet, Jean-Pierre and Daney, David},
    language = {Anglais},
    affiliation = {COPRIN - INRIA Sophia Antipolis},
    booktitle = {{Computational Kinematics}},
    publisher = {Springer},
    pages = {1--8},
    editor = {Kecskem{\'e}thy, Andr{\'e}s and M{\"u}ller, Andreas },
    audience = {internationale },
    year = {2009},
},

@INPROCEEDINGS{merlet2008,
author={Merlet, J. -P},
booktitle={Robotics and Automation, 2008. ICRA 2008. IEEE International Conference on},
title={Kinematics of the wire-driven parallel robot MARIONET using linear actuators},
year={2008},
month={May},
pages={3857-3862},
keywords={legged locomotion;nonlinear equations;robot kinematics;Gough-Stewart platform;MARIONET;control vector;forward kinematics;inverse kinematics;linear actuator;nonlinear equations;pulley system;redundant system kinematics;rigid extensible legs;wire-driven parallel robot kinematics;Control systems;Elasticity;Equations;Hydraulic actuators;Kinematics;Leg;Parallel robots;Pulleys;Vectors;Wires},
doi={10.1109/ROBOT.2008.4543803},
ISSN={1050-4729}
},

@INPROCEEDINGS{merlet2013-431,
author={Merlet, J.-P.},
booktitle={Robotics and Automation (ICRA), 2013 IEEE International Conference on},
title={Kinematic analysis of the 4-3-1 and 3-2-1 wire-driven parallel crane},
year={2013},
month={May},
pages={4635-4640},
keywords={cranes;kinematics;manipulator kinematics;numerical analysis;wires;3-2-1 wire-driven parallel crane;4-3-1 wire-driven parallel crane;WDPR;forward kinematics;kinematic analysis;numerical simulations;static equilibrium;wire-driven parallel robot;Kinematics;Mathematical model;Polynomials;Robot kinematics;Wires},
doi={10.1109/ICRA.2013.6631236},
ISSN={1050-4729},},

@proceedings{kumar2011,
    address = {San Diego, CA},
    author = {Michael, Nathan and Kim, Soonkyum and Fink, Jonathan and Kumar, Vijay},
    booktitle = {ASME International Design Engineering Technical Conference (DETC 2009)},
    citeulike-article-id = {8793352},
    citeulike-linkout-0 = {\#},
    keywords = {mine},
    posted-at = {2011-02-09 15:24:26},
    priority = {0},
    title = {{Kinematics and Statics of Cooperative Multi-Robot Aerial Manipulation with Cables}},
    url = {\#},
    year = {2009}
},


