@article{Meissner2014,
title = "Localization of furniture parts by integrating range and intensity data robust against depths with low signal-to-noise ratio ",
journal = "Robotics and Autonomous Systems ",
volume = "62",
number = "1",
pages = "25 - 37",
year = "2014",
note = "New Boundaries of Robotics ",
issn = "0921-8890",
doi = "http://dx.doi.org/10.1016/j.robot.2012.07.018",
url = "http://www.sciencedirect.com/science/article/pii/S0921889012001224",
author = "Pascal Meißner and Sven R. Schmidt-Rohr and Martin Lösch and Rainer Jäkel and Rüdiger Dillmann",
keywords = "3D computer vision",
keywords = "Localization",
keywords = "Range and intensity data",
keywords = "Furniture",
keywords = "Kinect",
keywords = "Time-of-flight camera "
},

@INPROCEEDINGS{6224816,
author={Kawanishi, R. and Yamashita, A. and Kaneko, T. and Asama, H.},
booktitle={Robotics and Automation (ICRA), 2012 IEEE International Conference on},
title={Line-based camera movement estimation by using parallel lines in omnidirectional video},
year={2012},
month={May},
pages={3573-3579},
keywords={cameras;motion estimation;video signal processing;degree of freedom problem;field of view;line-based omnidirectional camera movement estimation method;omnidirectional video;parallel lines constraint;structure from motion;Cameras;Equations;Estimation;Image edge detection;Mathematical model;Mirrors;Vectors},
doi={10.1109/ICRA.2012.6224816},
ISSN={1050-4729},
},

@INPROCEEDINGS{1641801,
author={Merlet, J. -P and Daney, D.},
booktitle={Robotics and Automation, 2006. ICRA 2006. Proceedings 2006 IEEE International Conference on},
title={Legs interference checking of parallel robots over a given workspace or trajectory},
year={2006},
month={May},
pages={757-762},
ISSN={1050-4729},
},


@article{Herzog:2014:LGS:2581643.2581776,
 author = {Herzog, Alexander and Pastor, Peter and Kalakrishnan, Mrinal and Righetti, Ludovic and Bohg, Jeannette and Asfour, Tamim and Schaal, Stefan},
 title = {Learning of Grasp Selection Based on Shape-templates},
 journal = {Auton. Robots},
 issue_date = {January   2014},
 volume = {36},
 number = {1-2},
 month = jan,
 year = {2014},
 issn = {0929-5593},
 pages = {51--65},
 numpages = {15},
 url = {http://dx.doi.org/10.1007/s10514-013-9366-8},
 doi = {10.1007/s10514-013-9366-8},
 acmid = {2581776},
 publisher = {Kluwer Academic Publishers},
 address = {Hingham, MA, USA},
 keywords = {Grasp synthesis, Model-free grasping, Template learning},
},

@article{395,
    author = {Stewart, Jennie and McVittie, Chris},
    citeulike-article-id = {12444225},
    citeulike-linkout-0 = {http://search.ebscohost.com/login.aspx?direct=true\&\#38;db=psyh\&\#38;AN=2011-27999-005⟨=fr\&\#38;site=ehost-live},
    issn = {1613-9372},
    journal = {European Journal of Ageing},
    keywords = {accident, care, community, falls, gerontology, health, intervention, prevention, program, services},
    month = dec,
    number = {4},
    pages = {271--279},
    posted-at = {2013-06-24 14:17:15},
    priority = {2},
    title = {{Living with falls: House-bound older people's experiences of health and community care.}},
    url = {http://search.ebscohost.com/login.aspx?direct=true\&\#38;db=psyh\&\#38;AN=2011-27999-005⟨=fr\&\#38;site=ehost-live},
    volume = {8},
    year = {2011}
},

@article{journals/ar/PedroBC13,
  added-at = {2013-06-12T00:00:00.000+0200},
  author = {Pedro, Leonardo Marquez and Belini, Valdinei Luís and de Paula Caurin, Glauco Augusto},
  biburl = {http://www.bibsonomy.org/bibtex/214866d12b190585f7404bec64b195dfd/dblp},
  ee = {http://dx.doi.org/10.1080/01691864.2013.785472},
  interhash = {aaa8594f0fd1d0d25690524025bd568c},
  intrahash = {14866d12b190585f7404bec64b195dfd},
  journal = {Advanced Robotics},
  keywords = {dblp},
  number = 10,
  pages = {785-797},
  timestamp = {2013-06-12T00:00:00.000+0200},
  title = {Learning how to grasp based on neural network retraining.},
  url = {http://dblp.uni-trier.de/db/journals/ar/ar27.html#PedroBC13},
  volume = 27,
  year = 2013
},