@misc{marantette1995machine,
  title={Machine tool position measurement employing multiple laser distance measurements},
  author={Marantette, W. F.},
  url={http://www.google.com.ar/patents/US5387969},
  year={1995},
  month=feb # "~7",
  publisher={Google Patents},
  note={US Patent 5,387,969}
},

@Book{hartley2004,
    author = "Hartley, R. I. and Zisserman, A.",
    title = "Multiple View Geometry in Computer Vision",
    edition = "Second",
    year = "2004",
    publisher = "Cambridge University Press, ISBN: 0521540518"
},

@INPROCEEDINGS{hassan2007,
author={Hassan, M. and Khajepour, A},
booktitle={Robotics and Automation, 2007 IEEE International Conference on},
title={Minimum-norm Solution for the Actuator Forces in Cable-based Parallel Manipulators based on Convex Optimization},
year={2007},
month={April},
pages={1498-1503},
keywords={convex programming;force control;manipulator kinematics;redundant manipulators;Dykstra alternating projection algorithm;actuator-force distribution;cable-based parallel manipulators;convex optimization;lightweight manipulators;redundant limbs;Acceleration;Actuators;Design optimization;Hybrid power systems;Manipulators;Mobile robots;Power cables;Prototypes;Robotics and automation;Springs},
doi={10.1109/ROBOT.2007.363196},
ISSN={1050-4729},},

@incollection{merlet2010marionet,
year={2010},
isbn={978-90-481-9261-8},
booktitle={Advances in Robot Kinematics: Motion in Man and Machine},
editor={Lenarcic, Jadran and Stanisic, Michael M.},
doi={10.1007/978-90-481-9262-5_6},
title={{\tt MARIONET}, A Family of Modular Wire-Driven Parallel Robots},
url={http://dx.doi.org/10.1007/978-90-481-9262-5_6},
publisher={Springer Netherlands},
keywords={Kinematics; wire-driven parallel robots},
author={Merlet, J{-}P.},
pages={53-61},
language={English}
},
