@book{purves2004neuroscience,
  title={Neuroscience},
  author={Purves, D.},
  isbn={9780878937264},
  url={http://books.google.fr/books?id=8hG2AAAACAAJ},
  year={2004},
  publisher={Sinauer Associates Incorporated}
},

@INPROCEEDINGS{jordan2007,
author={Jordan, B.L. and Batalin, M.A. and Kaiser, W.J.},
booktitle={Robotics and Automation, 2007 IEEE International Conference on},
title={NIMS RD: A Rapidly Deployable Cable Based Robot},
year={2007},
month={April},
pages={144-150},
keywords={mobile robots;NIMS RD robot;environmental monitoring;mobile robot;rapidly deployable cable based robot;Current measurement;Pollution measurement;Power cables;Propulsion;Prototypes;Rivers;Robotics and automation;Robots;Sensor phenomena and characterization;Wheels},
doi={10.1109/ROBOT.2007.363778},
ISSN={1050-4729},},

@ARTICLE{borgstrom2009,
author={Borgstrom, P.H. and Jordan, B.L. and Borgstrom, B.J. and Stealey, M.J. and Sukhatme, G. and Batalin, M.A. and Kaiser, W.J.},
journal={Robotics, IEEE Transactions on},
title={NIMS-PL: A Cable-Driven Robot With Self-Calibration Capabilities},
year={2009},
month={Oct},
volume={25},
number={5},
pages={1005-1015},
keywords={iterative methods;least squares approximations;linear programming;optimal control;robot dynamics;actuated sensing application;aquatic environment;cable-driven robot;iterative linear programming;jitter method;least-squares drift-detection algorithm;long-term autonomous operation;networked infomechanical system;online drift-correction capability;optimal tension distribution;planar translation;real-time computation;Cable-driven robots;calibration and identification;field robots;parallel robots;redundant robots},
doi={10.1109/TRO.2009.2024792},
ISSN={1552-3098},}
