@INPROCEEDINGS{weijung2000,
author={Shiang, W. J. and Cannon, D. and Gorman, J.},
booktitle={Robotics and Automation, 2000. Proceedings. ICRA '00. IEEE International Conference on},
title={Optimal force distribution applied to a robotic crane with flexible cables},
year={2000},
month={},
volume={2},
pages={1948-1954 vol.2},
keywords={cranes;digital simulation;manipulator dynamics;matrix algebra;redundant manipulators;Lagrange's equations;assumed modes method;cargo handling;computer simulation;dynamic model;flexible cables;kinematically redundant equations;nonlinear transformation;optimal force distribution;robotic crane;trajectory tracking;Computer simulation;Cranes;Freight handling;Lagrangian functions;Nonlinear dynamical systems;Nonlinear equations;Power cables;Robots;Testing;Trajectory},
doi={10.1109/ROBOT.2000.844880},
ISSN={1050-4729},
},

@inproceedings{arsenault2010,
author = {Arsenault, M.},
title = {{Optimization of the prestress stable wrench closure workspace of planar parallel three-degree-of-freedom cable-driven mechanisms with four cables}},
booktitle = {International Conference on Robotics and Automation},
year = {2010},
pages = {1182--1187},
doi = {10.1109/ROBOT.2010.5509351},
masid = {13758052}
},

@INPROCEEDINGS{latuan2010,
author={La Tuan Anh and Jae-Bok Song},
booktitle={Control Automation and Systems (ICCAS), 2010 International Conference on},
title={Object tracking and visual servoing using features computed from local feature descriptor},
year={2010},
month={Oct},
pages={1044-1048},
keywords={end effectors;geometry;object tracking;service robots;visual servoing;SURF;end-effector;geometrical features;image Jacobian;local feature descriptor;monocular eye-in-hand camera;object tracking;service robot applications;speeded-up robust features;visual servoing;Cameras;Grasping;Robustness;Visual servoing;Visualization;Visual servoing;grasp;speeded-up robust features (SURF)},},


@INPROCEEDINGS{riehl2010,
author={Riehl, N. and Gouttefarde, M. and Baradat, C. and Pierrot, F.},
booktitle={Robotics and Automation (ICRA), 2010 IEEE International Conference on},
title={On the determination of cable characteristics for large dimension cable-driven parallel mechanisms},
year={2010},
month={May},
pages={4709-4714},
keywords={cables (mechanical);elasticity;robot kinematics;cable characteristics;cable tensions;cable-driven parallel mechanisms;elasticity;massless cable modeling;parallel cable-driven robot;positioning accuracy;Actuators;Cables;Elasticity;End effectors;Gravity;Kinematics;Parallel robots;Robotics and automation;USA Councils;Wounds},
doi={10.1109/ROBOT.2010.5509887},
ISSN={1050-4729},},

@article{agrawal2005,
author={Fattah, A. and Agrawal, S.K.},
title={On the design of cable-suspended planar parallel robots},
journal={ASME J. of Mechanical Design},
volume={127},
number={5},
year={2005},
month={september},
pages={1021-1028},
keywords={planar robot , wire robot , workspace , optimal design , isotropy ,parallel robot},
},
