@inproceedings{conf/icra/BakthavatchalamCM13,
  author = {Bakthavatchalam, Manikandan and Chaumette, François and Marchand, Éric},
  booktitle = {ICRA},
  pages = {5241-5246},
  publisher = {IEEE},
  title = {Photometric moments: New promising candidates for visual servoing.},
  year = 2013
},

@article{caron:hal-00829822,
    title = {{Photometric visual servoing for omnidirectional cameras}},
    author = {Caron, Guillaume and Marchand, Eric and Mouaddib, El Mustapha},
    publisher = {Springer},
    pages = {177-193},
    journal = {Autonomous Robots},
    volume = {35},
    number = {2-3 },
    year = {2013},
    month = Oct,
},

@ARTICLE{6519299,
author={Bohigas, O. and Henderson, M.E. and Ros, L. and Manubens, M. and Porta, J.M.},
journal={Robotics, IEEE Transactions on},
title={Planning Singularity-Free Paths on Closed-Chain Manipulators},
year={2013},
month={Aug},
volume={29},
number={4},
pages={888-898},
keywords={controllability;manipulators;path planning;closed-chain manipulators;controllability;dimensional continuation technique;manipulator coordinates;minimum clearance;nonredundant manipulators;nonsingular configurations;one-to-one correspondence;planning singularity-free paths;second configuration;singularity-free C-space;singularity-free component;singularity-free workspace;smooth manifold;subsequent planning query;Assembly-mode changing;closed-chain motion planning;higher dimensional continuation;singularity avoidance;singularity-free path or workspace},
doi={10.1109/TRO.2013.2260679},
ISSN={1552-3098},
},

@INPROCEEDINGS{5652835,
author={Zamora-Esquivel, J. and Bayro-Corrochano, Eduardo},
booktitle={Intelligent Robots and Systems (IROS), 2010 IEEE/RSJ International Conference on},
title={Parallel forward Dynamics: A geometric approach},
year={2010},
month={Oct},
pages={2377-2382},
keywords={algebra;geometry;robot dynamics;robot kinematics;Lagrange equation;conformal geometric algebra;multicore architectures;parallel forward dynamics;serial kinematic chains},
doi={10.1109/IROS.2010.5652835},
ISSN={2153-0858},
},

@article{Hall2014392,
title = "Perception of own and robot engagement in human–robot interactions and their dependence on robotics knowledge ",
journal = "Robotics and Autonomous Systems ",
volume = "62",
number = "3",
pages = "392 - 399",
year = "2014",
note = "Advances in Autonomous Robotics — Selected extended papers of the joint 2012 \{TAROS\} Conference and the \{FIRA\} RoboWorld Congress, Bristol, \{UK\} ",
issn = "0921-8890",
doi = "http://dx.doi.org/10.1016/j.robot.2013.09.012",
url = "http://www.sciencedirect.com/science/article/pii/S0921889013001863",
author = "Joanna Hall and Terry Tritton and Angela Rowe and Anthony Pipe and Chris Melhuish and Ute Leonards",
keywords = "Human–robot social interaction",
keywords = "Non-verbal communication",
keywords = "Experienced engagement",
keywords = "Robotics knowledge "
},