@INPROCEEDINGS{bostelman1997emma,
    author = {Roger V. Bostelman and Albus, J. S.},
    title = {{RoboCrane} and {EMMA} Applied to Waste Storage Tank Remediation},
    booktitle = {Proc. American Nuclear Society Seventh Topical Meeting on Robotics and Remote Systems},
    year = {1997}
},

@incollection{rouillier95,
year={1995},
isbn={978-94-010-4147-8},
booktitle={Computational Kinematics â€™95},
volume={40},
series={Solid Mechanics and Its Applications},
editor={Merlet, Jean-Pierre and Ravani, Bahram},
doi={10.1007/978-94-011-0333-6_8},
title={Real Root Counting for Some Robotics Problems},
url={http://dx.doi.org/10.1007/978-94-011-0333-6_8},
publisher={Springer Netherlands},
author={Rouillier, F.},
pages={73-82},
language={English}
},
