@article{ROB:8725015,
author = {Amine,Semaan and Caro,Stéphane and Wenger,Philippe and Kanaan,Daniel},
title = {Singularity analysis of the H4 robot using Grassmann–Cayley algebra},
journal = {Robotica},
volume = {30},
issue = {07},
month = {12},
year = {2012},
issn = {1469-8668},
pages = {1109--1118},
numpages = {10},
doi = {10.1017/S0263574711001330},
URL = {http://journals.cambridge.org/article_S0263574711001330},
},

@INPROCEEDINGS{Berg05shapematching,
    author = {Alexander C. Berg and Tamara L. Berg and Jitendra Malik},
    title = {Shape matching and object recognition using low distortion correspondences},
    booktitle = {In CVPR},
    year = {2005},
    pages = {26--33}
},

@article {leite13,
	journal = {International Journal of Social Robotics},
	month = {January},
	pages = {1--18},
	title = {Social Robots for Long-Term Interaction: A Survey},
	year = {2013},
	author = {Iolanda Leite and Carlos Martinho and Ana Paiva}
},

@article{journals/robotica/SimoniDM13,
  author = {Simoni, Roberto and Doria, Celso Melchiades and Martins, Daniel},
  journal = {Robotica},
  number = 1,
  pages = {61-70},
  title = {Symmetry and invariants of kinematic chains and parallel manipulators.},
  volume = 31,
  year = 2013
},

@article{Kuo2013,
title = "Scalable multi-radio communication in modular robots ",
journal = "Robotics and Autonomous Systems ",
volume = "",
number = "0",
pages = " - ",
year = "2013",
note = "",
issn = "0921-8890",
doi = "http://dx.doi.org/10.1016/j.robot.2013.08.007",
url = "http://www.sciencedirect.com/science/article/pii/S0921889013001486",
author = "V. Kuo and R. Fitch",
keywords = "Self-reconfiguring robots",
keywords = "Modular robots",
keywords = "Multi-radio communication "
},

@article{ROB:8925811,
author = {Gonzalez-Hernandez,Abraham and Castillo-Castaneda,Eduardo},
title = {Stiffness estimation of a parallel manipulator using image analysis and camera calibration techniques},
journal = {Robotica},
volume = {31},
issue = {04},
month = {7},
year = {2013},
issn = {1469-8668},
pages = {657--667},
numpages = {11},
doi = {10.1017/S0263574712000641},
URL = {http://journals.cambridge.org/article_S0263574712000641},
},

@MISC{Merlet04solvingthe,
    author = {J.-P. Merlet},
    title = {Solving the Forward Kinematics of a Gough-Type Parallel Manipulator with Interval Analysis},
    year = {2004}
},

@article{2008:Chen.Chi,
author={Chen, C-T. and Chi, H-W.},
title={Singularity-free trajectory planning of platform-type parallel manipulators for minimum actuating efforts and reactions},
journal={Robotica},
volume={26},
number={3},
year={2008},
month={may},
pages={371-384},
keywords={singularity , trajectory planning ,parallel robot},
},

@article{1998:Dasgupta.Mruthyunjaya,
author={Dasgupta, B. and Mruthyunjaya, T.S.},
title={Singularity-free path planning for the Stewart platform manipulator},
journal={Mechanism and Machine Theory},
volume={33},
number={6},
year={1998},
month={august},
pages={711-725},
keywords={singularity , trajectory planning , trajectory verification ,parallel robot},
},

@article{1994:Ming.Higuchi,
author={Ming, A. and Higuchi, T.},
title={Study on multiple degree of freedom positioning mechanisms using wires, Part 2, Development of a planar completely restrained positioning mechanism},
journal={Int. J. Japan Soc. Prec. Eng.},
volume={28},
number={3},
year={1994},
month={september},
pages={235-242},
keywords={wire robot , mechanical architecture , control , planar robot , applications , hardware , redundant robot , inverse kinematics , workspace ,parallel robot}
},
