@INPROCEEDINGS{6094648,
author={Civera, J. and Galvez-Lopez, D. and Riazuelo, L. and Tardos, J.D. and Montiel, J. M M},
booktitle={Intelligent Robots and Systems (IROS), 2011 IEEE/RSJ International Conference on},
title={Towards semantic SLAM using a monocular camera},
year={2011},
month={Sept},
pages={1277-1284},
keywords={Kalman filters;SLAM (robots);cameras;image sequences;object recognition;robot vision;extended Kalman filter;geometric map;hand held camera;monocular SLAM system;monocular camera;monocular image sequence;object recognition thread;robot;semantic SLAM algorithm;simultaneous localisation and mapping;Cameras;Object recognition;Semantics;Simultaneous localization and mapping;Solid modeling;Three dimensional displays},
doi={10.1109/IROS.2011.6094648},
ISSN={2153-0858},
},

@article{Prestes20131193,
title = "Towards a core ontology for robotics and automation ",
journal = "Robotics and Autonomous Systems ",
volume = "61",
number = "11",
pages = "1193 - 1204",
year = "2013",
note = "Ubiquitous Robotics ",
issn = "0921-8890",
doi = "http://dx.doi.org/10.1016/j.robot.2013.04.005",
url = "http://www.sciencedirect.com/science/article/pii/S0921889013000596",
author = "Edson Prestes and Joel Luis Carbonera and Sandro Rama Fiorini and Vitor A. M. Jorge and Mara Abel and Raj Madhavan and Angela Locoro and Paulo Goncalves and Marcos E. Barreto and Maki Habib and Abdelghani Chibani and Sébastien Gérard and Yacine Amirat and Craig Schlenoff",
keywords = "Ontologies for robotics and automation",
keywords = "Ontology-based standards",
keywords = "Core ontology",
keywords = "Ontology engineering",
keywords = "Semantic interoperability",
keywords = "Knowledge representation "
},

@article{DBLP:journals/ijsr/Steinert14,
  author    = {Steffen Steinert},
  title     = {The Five Robots - A Taxonomy for Roboethics},
  journal   = {I. J. Social Robotics},
  volume    = {6},
  number    = {2},
  year      = {2014},
  pages     = {249-260},
  ee        = {http://dx.doi.org/10.1007/s12369-013-0221-z},
  bibsource = {DBLP, http://dblp.uni-trier.de}
},

@article{ROB:9238912,
author = {Shahbazi,Hamed and Jamshidi,Kamal and Monadjemi,Amir Hasan and Manoochehri,Hafez Eslami},
title = {Training oscillatory neural networks using natural gradient particle swarm optimization},
journal = {Robotica},
volume = {FirstView},
month = {5},
year = {2014},
issn = {1469-8668},
pages = {1--17},
numpages = {17},
doi = {10.1017/S026357471400085X},
URL = {http://journals.cambridge.org/article_S026357471400085X},
},

@article{ROB:9220356,
author = {Zhou,Xiaobo and Jun,Seung-kook and Krovi,Venkat},
title = {Tension distribution shaping via reconfigurable attachment in planar mobile cable robots},
journal = {Robotica},
volume = {32},
issue = {Special Issue 02},
month = {3},
year = {2014},
issn = {1469-8668},
pages = {245--256},
numpages = {12},
doi = {10.1017/S0263574713001008},
URL = {http://journals.cambridge.org/article_S0263574713001008},
},

@INPROCEEDINGS{6224615,
author={Merlet, J. -P},
booktitle={Robotics and Automation (ICRA), 2012 IEEE International Conference on},
title={The kinematics of the redundant N #x2212; 1 wire driven parallel robot},
year={2012},
month={May},
pages={2313-2318},
doi={10.1109/ICRA.2012.6224615},
ISSN={1050-4729},
},

@article{journals/ijsr/SalemERKJ13,
  added-at = {2013-08-30T00:00:00.000+0200},
  author = {Salem, Maha and Eyssel, Friederike and Rohlfing, Katharina J. and Kopp, Stefan and Joublin, Frank},
  biburl = {http://www.bibsonomy.org/bibtex/2442a13fd4dc3b77b7bf2ba4a2b775695/dblp},
  ee = {http://dx.doi.org/10.1007/s12369-013-0196-9},
  interhash = {7f8fbe8d1d645a4812b48a3b7c6a7899},
  intrahash = {442a13fd4dc3b77b7bf2ba4a2b775695},
  journal = {I. J. Social Robotics},
  keywords = {dblp},
  number = 3,
  pages = {313-323},
  timestamp = {2013-08-30T00:00:00.000+0200},
  title = {To Err is Human(-like): Effects of Robot Gesture on Perceived Anthropomorphism and Likability.},
  url = {http://dblp.uni-trier.de/db/journals/ijsr/ijsr5.html#SalemERKJ13},
  volume = 5,
  year = 2013
},

@article{journals/jfr/AlbusBD93,
  added-at = {2013-04-27T00:00:00.000+0200},
  author = {Albus, James S. and Bostelman, Roger and Dagalakis, Nicholas G.},
  biburl = {http://www.bibsonomy.org/bibtex/22bb6f23f523b88c3c508df5f019ec52e/dblp},
  ee = {http://dx.doi.org/10.1002/rob.4620100509},
  interhash = {23c8a167c165ee78382c8a9358240e5c},
  intrahash = {2bb6f23f523b88c3c508df5f019ec52e},
  journal = {J. Field Robotics},
  keywords = {dblp},
  number = 5,
  pages = {709-724},
  timestamp = {2013-04-27T00:00:00.000+0200},
  title = {The NIST robocrane.},
  url = {http://dblp.uni-trier.de/db/journals/jfr/jfr10.html#AlbusBD93},
  volume = 10,
  year = 1993
},

@article{journals/ijrr/MortlLKSBH12,
  added-at = {2013-01-17T00:00:00.000+0100},
  author = {Mörtl, Alexander and Lawitzky, Martin and Küçükyilmaz, Ayse and Sezgin, Tevfik Metin and Basdogan, Cagatay and Hirche, Sandra},
  biburl = {http://www.bibsonomy.org/bibtex/2b668327d03d2742064b1fa3580abd7c1/dblp},
  ee = {http://dx.doi.org/10.1177/0278364912455366},
  interhash = {ce92d94a1d4a7947a43e0fbd0b78090e},
  intrahash = {b668327d03d2742064b1fa3580abd7c1},
  journal = {I. J. Robotic Res.},
  keywords = {dblp},
  number = 13,
  pages = {1656-1674},
  timestamp = {2013-01-17T00:00:00.000+0100},
  title = {The role of roles: Physical cooperation between humans and robots.},
  url = {http://dblp.uni-trier.de/db/journals/ijrr/ijrr31.html#MortlLKSBH12},
  volume = 31,
  year = 2012
},

@article{journals/gosselin1989,
  author = {Gosselin, C. and Angeles, J.},
  ee = {http://dx.doi.org/10.1115/1.3258984},
  journal = {J. of Mechanisms, Transmissions and Automation in De-
sign},
  title = {The Optimum Kinematic Design of a Spherical Three-Degree-of-Freedom Parallel Manipulator.},
  year = 1989,
  month = Juin
  pages = {202-207},
  volume = 111(2)
},

@inproceedings{conf/iros/DallejGAMM11,
  added-at = {2011-12-15T00:00:00.000+0100},
  author = {Dallej, Tej and Gouttefarde, Marc and Andreff, Nicolas and Michelin, Micaël and Martinet, Philippe},
  biburl = {http://www.bibsonomy.org/bibtex/2428798e2929fd4df048effe5145d1735/dblp},
  booktitle = {IROS},
  crossref = {conf/iros/2011},
  ee = {http://dx.doi.org/10.1109/IROS.2011.6094591},
  interhash = {e6cf4107817a9d22ab228472030e90ac},
  intrahash = {428798e2929fd4df048effe5145d1735},
  isbn = {978-1-61284-454-1},
  keywords = {dblp},
  pages = {2855-2860},
  publisher = {IEEE},
  timestamp = {2011-12-15T00:00:00.000+0100},
  title = {Towards vision-based control of cable-driven parallel robots.},
  url = {http://dblp.uni-trier.de/db/conf/iros/iros2011.html#DallejGAMM11},
  year = 2011
},

@book{pieper1968kinematics,
  title={The Kinematics of Manipulators Under Computer Control},
  author={Pieper, D.L.},
  series={Memo (Stanford artificial intelligence Laboratory)},
  url={http://books.google.fr/books?id=g4tqNwAACAAJ},
  year={1968},
  publisher={Department of Mechanical Engineering, Stanford University}
},