@article{ROB:9029305,
author = {Bascetta,Luca and Ferretti,Gianni and Magnani,Gianantonio and Rocco,Paolo},
title = {Walk-through programming for robotic manipulators based on admittance control},
journal = {Robotica},
volume = {31},
issue = {07},
month = {10},
year = {2013},
issn = {1469-8668},
pages = {1143--1153},
numpages = {11},
doi = {10.1017/S0263574713000404},
URL = {http://journals.cambridge.org/article_S0263574713000404},
};